<?xml version="1.0" encoding="UTF-8"?>
<integ:root xmlns:integ="http://integrator" self="true">
   <record id="BIB_ID-27445">
      <marc id="BIB_ID-27445">
         <marc:record xmlns:marc="http://www.loc.gov/MARC21/slim">
            <marc:controlfield tag="001">27445</marc:controlfield>
            <marc:controlfield tag="005">20070417134036.0</marc:controlfield>
            <marc:controlfield tag="008">870727s1982    ua       b    00110 araod</marc:controlfield>
            <marc:datafield tag="020" ind1=" " ind2=" ">
               <marc:subfield code="a">9777353081</marc:subfield>
            </marc:datafield>
            <marc:datafield tag="035" ind1=" " ind2=" ">
               <marc:subfield code="a">(CStRLIN)PAUG87-B30694</marc:subfield>
            </marc:datafield>
            <marc:datafield tag="035" ind1=" " ind2=" ">
               <marc:subfield code="a">(CaOTULAS)185032838</marc:subfield>
            </marc:datafield>
            <marc:datafield tag="035" ind1=" " ind2=" ">
               <marc:subfield code="9">AAD3713</marc:subfield>
            </marc:datafield>
            <marc:datafield tag="035" ind1=" " ind2=" ">
               <marc:subfield code="a">(PUVoyagerBIBID)27445</marc:subfield>
            </marc:datafield>
            <marc:datafield tag="040" ind1=" " ind2=" ">
               <marc:subfield code="a">NjP</marc:subfield>
               <marc:subfield code="c">NjP</marc:subfield>
               <marc:subfield code="d">PU</marc:subfield>
            </marc:datafield>
            <marc:datafield tag="090" ind1=" " ind2=" ">
               <marc:subfield code="a">PJ7755.Q35</marc:subfield>
               <marc:subfield code="b">Z65 1982</marc:subfield>
               <marc:subfield code="i">07/27/87 CTZ</marc:subfield>
            </marc:datafield>
            <marc:datafield tag="100" ind1="1" ind2="0">
               <marc:subfield code="a">Ḥamzah, ʻAbd al-Laṭīf.</marc:subfield>
            </marc:datafield>
            <marc:datafield tag="245" ind1="1" ind2="0">
               <marc:subfield code="a">Ḥukm Qarāqūsh /</marc:subfield>
               <marc:subfield code="c">ʻAbd al-Laṭīf Ḥamzah.</marc:subfield>
            </marc:datafield>
            <marc:datafield tag="260" ind1="0" ind2=" ">
               <marc:subfield code="a">[Cairo] :</marc:subfield>
               <marc:subfield code="b">Dār al-Hilāl,</marc:subfield>
               <marc:subfield code="c">1982.</marc:subfield>
            </marc:datafield>
            <marc:datafield tag="300" ind1=" " ind2=" ">
               <marc:subfield code="a">162 p. ;</marc:subfield>
               <marc:subfield code="c">17 cm.</marc:subfield>
            </marc:datafield>
            <marc:datafield tag="490" ind1="0" ind2=" ">
               <marc:subfield code="a">Kitāb al-Hilāl ;</marc:subfield>
               <marc:subfield code="v">al-ʻadad 374 (Fabrāyir 1982)</marc:subfield>
            </marc:datafield>
            <marc:datafield tag="504" ind1=" " ind2=" ">
               <marc:subfield code="a">Includes bibliographical references and index.</marc:subfield>
            </marc:datafield>
            <marc:datafield tag="600" ind1="1" ind2="0">
               <marc:subfield code="a">Qarāqūsh, Bahā' al-Dīn,</marc:subfield>
               <marc:subfield code="d">d. 1201.</marc:subfield>
            </marc:datafield>
            <marc:datafield tag="650" ind1=" " ind2="0">
               <marc:subfield code="a">Satire, Arabic</marc:subfield>
               <marc:subfield code="x">History and criticism.</marc:subfield>
            </marc:datafield>
            <marc:datafield tag="600" ind1="1" ind2="0">
               <marc:subfield code="a">Ibn Mammātī, Asʻad ibn al-Muhadhdhab,</marc:subfield>
               <marc:subfield code="d">1149-1209.</marc:subfield>
               <marc:subfield code="t">Fāshūsh.</marc:subfield>
            </marc:datafield>
            <marc:datafield tag="950" ind1=" " ind2=" ">
               <marc:subfield code="l">VPL</marc:subfield>
               <marc:subfield code="i">07/27/87 C ?110:\ss\</marc:subfield>
            </marc:datafield>
            <marc:datafield tag="955" ind1=" " ind2=" ">
               <marc:subfield code="l">VPL</marc:subfield>
               <marc:subfield code="c">1</marc:subfield>
               <marc:subfield code="q">MECAP</marc:subfield>
               <marc:subfield code="r">[00939 0696]</marc:subfield>
               <marc:subfield code="i">07/27/87 C</marc:subfield>
            </marc:datafield>
         </marc:record>
      </marc>
      <hldgs id="BIB_ID-27445">
         <hldg id="MFHD_ID-34535">
            <MFHD_ID>34535</MFHD_ID>
            <DISPLAY_CALL_NO>PJ7755.Q35 Z65 1982</DISPLAY_CALL_NO>
            <NORMALIZED_CALL_NO>PJ 7755            Q 35   Z 65   1982</NORMALIZED_CALL_NO>
            <HOLD_CREATE_DATE>1997-06-12 00:00:00.0</HOLD_CREATE_DATE>
            <LAST_HOLD_UPDATE>2004-07-22 15:53:10.0</LAST_HOLD_UPDATE>
            <CALL_NO_TYPE>0</CALL_NO_TYPE>
            <PERM_LOCATION_DISP>Storage</PERM_LOCATION_DISP>
            <PERM_LOCATION>LIBRA: From RECORD page, use Place Request tab</PERM_LOCATION>
            <items id="MFHD_ID-34535">
               <item id="ITEM_ID-34827">
                  <ITEM_ID>34827</ITEM_ID>
                  <NUM_HOLDS>0</NUM_HOLDS>
                  <itemStatuses id="ITEM_ID-34827">
                     <itemStatus id="STATUS_ID-1">
                        <STATUS_ID>1</STATUS_ID>
                        <STATUS>Not Charged</STATUS>
                     </itemStatus>
                  </itemStatuses>
               </item>
            </items>
         </hldg>
      </hldgs>
   </record>