
   <record id="BIB_ID-27446">
      <marc id="BIB_ID-27446">
         <marc:record xmlns:marc="http://www.loc.gov/MARC21/slim">
            <marc:controlfield tag="001">27446</marc:controlfield>
            <marc:controlfield tag="003">PU</marc:controlfield>
            <marc:controlfield tag="008">870727s1987    mauc     b    00110 eng  </marc:controlfield>
            <marc:datafield tag="010" ind1=" " ind2=" ">
               <marc:subfield code="a">   86025686 </marc:subfield>
            </marc:datafield>
            <marc:datafield tag="020" ind1=" " ind2=" ">
               <marc:subfield code="a">0816188777 (alk. paper)</marc:subfield>
            </marc:datafield>
            <marc:datafield tag="020" ind1=" " ind2=" ">
               <marc:subfield code="a">0816188823 (set : alk. paper)</marc:subfield>
            </marc:datafield>
            <marc:datafield tag="020" ind1=" " ind2=" ">
               <marc:subfield code="z">0816188769 (alk. paper)</marc:subfield>
            </marc:datafield>
            <marc:datafield tag="035" ind1=" " ind2=" ">
               <marc:subfield code="a">(CStRLIN)PAUG87-B30695</marc:subfield>
            </marc:datafield>
            <marc:datafield tag="035" ind1=" " ind2=" ">
               <marc:subfield code="a">(CaOTULAS)185032844</marc:subfield>
            </marc:datafield>
            <marc:datafield tag="035" ind1=" " ind2=" ">
               <marc:subfield code="9">AAD3714</marc:subfield>
            </marc:datafield>
            <marc:datafield tag="050" ind1="0" ind2=" ">
               <marc:subfield code="a">PS2117</marc:subfield>
               <marc:subfield code="b">.C75 1987</marc:subfield>
            </marc:datafield>
            <marc:datafield tag="082" ind1="0" ind2=" ">
               <marc:subfield code="a">813/.4</marc:subfield>
               <marc:subfield code="2">19</marc:subfield>
            </marc:datafield>
            <marc:datafield tag="090" ind1=" " ind2=" ">
               <marc:subfield code="a">PS2124</marc:subfield>
               <marc:subfield code="b">.C751 1987</marc:subfield>
               <marc:subfield code="i">07/27/87 CTZ</marc:subfield>
            </marc:datafield>
            <marc:datafield tag="245" ind1="0" ind2="0">
               <marc:subfield code="a">Critical essays on Henry James :</marc:subfield>
               <marc:subfield code="b">the late novels /</marc:subfield>
               <marc:subfield code="c">[edited by] James W. Gargano.</marc:subfield>
            </marc:datafield>
            <marc:datafield tag="260" ind1="0" ind2=" ">
               <marc:subfield code="a">Boston, Mass. :</marc:subfield>
               <marc:subfield code="b">G.K. Hall,</marc:subfield>
               <marc:subfield code="c">c1987.</marc:subfield>
            </marc:datafield>
            <marc:datafield tag="300" ind1=" " ind2=" ">
               <marc:subfield code="a">ix, 212 p. :</marc:subfield>
               <marc:subfield code="b">port. ;</marc:subfield>
               <marc:subfield code="c">25 cm.</marc:subfield>
            </marc:datafield>
            <marc:datafield tag="440" ind1=" " ind2="0">
               <marc:subfield code="a">Critical essays on American literature</marc:subfield>
            </marc:datafield>
            <marc:datafield tag="504" ind1=" " ind2=" ">
               <marc:subfield code="a">Includes bibliographies and index.</marc:subfield>
            </marc:datafield>
            <marc:datafield tag="600" ind1="1" ind2="0">
               <marc:subfield code="a">James, Henry,</marc:subfield>
               <marc:subfield code="d">1843-1916</marc:subfield>
               <marc:subfield code="x">Criticism and interpretation.</marc:subfield>
            </marc:datafield>
            <marc:datafield tag="700" ind1="1" ind2="0">
               <marc:subfield code="a">Gargano, James W.</marc:subfield>
            </marc:datafield>
            <marc:datafield tag="950" ind1=" " ind2=" ">
               <marc:subfield code="l">VPL</marc:subfield>
               <marc:subfield code="i">07/27/87 C</marc:subfield>
            </marc:datafield>
            <marc:datafield tag="955" ind1=" " ind2=" ">
               <marc:subfield code="l">VPL</marc:subfield>
               <marc:subfield code="c">1</marc:subfield>
               <marc:subfield code="q">87b17027</marc:subfield>
               <marc:subfield code="r">[00939 1470]</marc:subfield>
               <marc:subfield code="i">07/27/87 C</marc:subfield>
            </marc:datafield>
         </marc:record>
      </marc>
      <hldgs id="BIB_ID-27446">
         <hldg id="MFHD_ID-34536">
            <MFHD_ID>34536</MFHD_ID>
            <DISPLAY_CALL_NO>PS2124 .C751 1987</DISPLAY_CALL_NO>
            <NORMALIZED_CALL_NO>PS 2124            C 751   1987</NORMALIZED_CALL_NO>
            <HOLD_CREATE_DATE>1997-06-12 00:00:00.0</HOLD_CREATE_DATE>
            <LAST_HOLD_UPDATE>1997-06-12 00:00:00.0</LAST_HOLD_UPDATE>
            <CALL_NO_TYPE>0</CALL_NO_TYPE>
            <PERM_LOCATION_DISP>A Van Pelt Library</PERM_LOCATION_DISP>
            <PERM_LOCATION>Van Pelt Library</PERM_LOCATION>
            <items id="MFHD_ID-34536">
               <item id="ITEM_ID-34828">
                  <ITEM_ID>34828</ITEM_ID>
                  <ITEM_ENUM>PS/2124/C751/1987</ITEM_ENUM>
                  <NUM_HOLDS>0</NUM_HOLDS>
                  <itemStatuses id="ITEM_ID-34828">
                     <itemStatus id="STATUS_ID-1">
                        <STATUS_ID>1</STATUS_ID>
                        <STATUS>Not Charged</STATUS>
                     </itemStatus>
                  </itemStatuses>
               </item>
            </items>
         </hldg>
      </hldgs>
   </record>