
   <record id="BIB_ID-27447">
      <marc id="BIB_ID-27447">
         <marc:record xmlns:marc="http://www.loc.gov/MARC21/slim">
            <marc:controlfield tag="001">27447</marc:controlfield>
            <marc:controlfield tag="003">PU</marc:controlfield>
            <marc:controlfield tag="008">870727s1910    gw       b    00110 ger d</marc:controlfield>
            <marc:datafield tag="035" ind1=" " ind2=" ">
               <marc:subfield code="a">(CStRLIN)PAUG87-B30696</marc:subfield>
            </marc:datafield>
            <marc:datafield tag="035" ind1=" " ind2=" ">
               <marc:subfield code="a">(CaOTULAS)185032852</marc:subfield>
            </marc:datafield>
            <marc:datafield tag="035" ind1=" " ind2=" ">
               <marc:subfield code="9">AAD3715</marc:subfield>
            </marc:datafield>
            <marc:datafield tag="040" ind1=" " ind2=" ">
               <marc:subfield code="a">PU</marc:subfield>
               <marc:subfield code="c">PU</marc:subfield>
            </marc:datafield>
            <marc:datafield tag="043" ind1=" " ind2=" ">
               <marc:subfield code="a">f-ua---</marc:subfield>
            </marc:datafield>
            <marc:datafield tag="090" ind1=" " ind2=" ">
               <marc:subfield code="i">07/27/87 CTZ</marc:subfield>
            </marc:datafield>
            <marc:datafield tag="100" ind1="1" ind2="0">
               <marc:subfield code="a">Plaumann, Gerhard,</marc:subfield>
               <marc:subfield code="d">1887-1918.</marc:subfield>
            </marc:datafield>
            <marc:datafield tag="245" ind1="1" ind2="0">
               <marc:subfield code="a">Ptolemais in Oberägypten :</marc:subfield>
               <marc:subfield code="b">ein Beitrag zur Geschichte des Hellenismus in Ägypten /</marc:subfield>
               <marc:subfield code="c">eingereicht von Gerhard Plaumann.</marc:subfield>
            </marc:datafield>
            <marc:datafield tag="260" ind1="0" ind2=" ">
               <marc:subfield code="a">Leipzig :</marc:subfield>
               <marc:subfield code="b">Quelle &amp; Meyer,</marc:subfield>
               <marc:subfield code="c">1910.</marc:subfield>
            </marc:datafield>
            <marc:datafield tag="300" ind1=" " ind2=" ">
               <marc:subfield code="a">viii, 137 p. ;</marc:subfield>
               <marc:subfield code="c">23 cm.</marc:subfield>
            </marc:datafield>
            <marc:datafield tag="500" ind1=" " ind2=" ">
               <marc:subfield code="a">Issued also in the series Leipziger historische Abhandlungen ; Heft 18.</marc:subfield>
            </marc:datafield>
            <marc:datafield tag="500" ind1=" " ind2=" ">
               <marc:subfield code="a">Vita.</marc:subfield>
            </marc:datafield>
            <marc:datafield tag="502" ind1=" " ind2=" ">
               <marc:subfield code="a">Thesis (doctoral)--Universität Leipzig.</marc:subfield>
            </marc:datafield>
            <marc:datafield tag="504" ind1=" " ind2=" ">
               <marc:subfield code="a">Includes bibliographical references and indexes.</marc:subfield>
            </marc:datafield>
            <marc:datafield tag="590" ind1=" " ind2=" ">
               <marc:subfield code="a">With: Der Begriff der Empfindung bei Fechner / vorgelegt von Johannes Paulsen.  Marburg : J. Paulsen, 1907.</marc:subfield>
            </marc:datafield>
            <marc:datafield tag="650" ind1=" " ind2="0">
               <marc:subfield code="a">Hellenism</marc:subfield>
            </marc:datafield>
            <marc:datafield tag="651" ind1=" " ind2="0">
               <marc:subfield code="a">Ptolemais Hermiou (Ancient city)</marc:subfield>
            </marc:datafield>
            <marc:datafield tag="950" ind1=" " ind2=" ">
               <marc:subfield code="l">VPL</marc:subfield>
               <marc:subfield code="b">\For. Diss. 9522- 9530 Item 9527\</marc:subfield>
               <marc:subfield code="i">07/27/87 C</marc:subfield>
            </marc:datafield>
            <marc:datafield tag="955" ind1=" " ind2=" ">
               <marc:subfield code="l">VPL</marc:subfield>
               <marc:subfield code="c">1</marc:subfield>
               <marc:subfield code="q">g. Univ. of Leipzig</marc:subfield>
               <marc:subfield code="i">07/27/87 C</marc:subfield>
            </marc:datafield>
         </marc:record>
      </marc>
      <hldgs id="BIB_ID-27447">
         <hldg id="MFHD_ID-34505">
            <MFHD_ID>34505</MFHD_ID>
            <DISPLAY_CALL_NO>For. Diss. 9522-9530</DISPLAY_CALL_NO>
            <NORMALIZED_CALL_NO>FOR. DISS. 9522-9530</NORMALIZED_CALL_NO>
            <HOLD_CREATE_DATE>1997-06-12 00:00:00.0</HOLD_CREATE_DATE>
            <LAST_HOLD_UPDATE>2005-11-18 11:20:32.0</LAST_HOLD_UPDATE>
            <CALL_NO_TYPE>8</CALL_NO_TYPE>
            <PERM_LOCATION_DISP>Storage</PERM_LOCATION_DISP>
            <PERM_LOCATION>LIBRA: From RECORD page, use Place Request tab</PERM_LOCATION>
            <items id="MFHD_ID-34505">
               <item id="ITEM_ID-34802">
                  <ITEM_ID>34802</ITEM_ID>
                  <NUM_HOLDS>0</NUM_HOLDS>
                  <itemStatuses id="ITEM_ID-34802">
                     <itemStatus id="STATUS_ID-1">
                        <STATUS_ID>1</STATUS_ID>
                        <STATUS>Not Charged</STATUS>
                     </itemStatus>
                  </itemStatuses>
               </item>
            </items>
         </hldg>
      </hldgs>
   </record>