
   <record id="BIB_ID-27448">
      <marc id="BIB_ID-27448">
         <marc:record xmlns:marc="http://www.loc.gov/MARC21/slim">
            <marc:controlfield tag="001">27448</marc:controlfield>
            <marc:controlfield tag="003">PU</marc:controlfield>
            <marc:controlfield tag="008">870727s1916    xx       b    00010 ger d</marc:controlfield>
            <marc:datafield tag="035" ind1=" " ind2=" ">
               <marc:subfield code="a">(CStRLIN)PAUG87-B30698</marc:subfield>
            </marc:datafield>
            <marc:datafield tag="035" ind1=" " ind2=" ">
               <marc:subfield code="a">(CaOTULAS)185032864</marc:subfield>
            </marc:datafield>
            <marc:datafield tag="035" ind1=" " ind2=" ">
               <marc:subfield code="9">AAD3716</marc:subfield>
            </marc:datafield>
            <marc:datafield tag="040" ind1=" " ind2=" ">
               <marc:subfield code="a">PU</marc:subfield>
               <marc:subfield code="c">PU</marc:subfield>
            </marc:datafield>
            <marc:datafield tag="090" ind1=" " ind2=" ">
               <marc:subfield code="i">07/27/87 CTZ</marc:subfield>
            </marc:datafield>
            <marc:datafield tag="100" ind1="1" ind2="0">
               <marc:subfield code="a">Paleikat, Georg,</marc:subfield>
               <marc:subfield code="d">1891-</marc:subfield>
            </marc:datafield>
            <marc:datafield tag="245" ind1="1" ind2="4">
               <marc:subfield code="a">Die Quellen der akademischen Skepsis /</marc:subfield>
               <marc:subfield code="c">vorgelegt von Georg Paleikat.</marc:subfield>
            </marc:datafield>
            <marc:datafield tag="260" ind1="0" ind2=" ">
               <marc:subfield code="a">[S.l.] :</marc:subfield>
               <marc:subfield code="b">G. Paleikat,</marc:subfield>
               <marc:subfield code="c">1916.</marc:subfield>
               <marc:subfield code="e">(Greifswald :</marc:subfield>
               <marc:subfield code="b">J. Abel)</marc:subfield>
            </marc:datafield>
            <marc:datafield tag="300" ind1=" " ind2=" ">
               <marc:subfield code="a">vi, 55 p. ;</marc:subfield>
               <marc:subfield code="c">23 cm.</marc:subfield>
            </marc:datafield>
            <marc:datafield tag="500" ind1=" " ind2=" ">
               <marc:subfield code="a">Issued also in the series: Abhandlungen zur Geschichte der Skeptizismus ; Heft 2.</marc:subfield>
            </marc:datafield>
            <marc:datafield tag="500" ind1=" " ind2=" ">
               <marc:subfield code="a">Vita.</marc:subfield>
            </marc:datafield>
            <marc:datafield tag="502" ind1=" " ind2=" ">
               <marc:subfield code="a">Thesis (doctoral)--Albertus-Universität zu Königsberg.</marc:subfield>
            </marc:datafield>
            <marc:datafield tag="504" ind1=" " ind2=" ">
               <marc:subfield code="a">Includes bibliographical references.</marc:subfield>
            </marc:datafield>
            <marc:datafield tag="590" ind1=" " ind2=" ">
               <marc:subfield code="a">With: Der Begriff der Empfindung bei Fechner / vorgelegt von Johannes Paulsen.  Marburg : J. Paulsen, 1907.</marc:subfield>
            </marc:datafield>
            <marc:datafield tag="600" ind1="0" ind2="0">
               <marc:subfield code="a">Arcesilaus,</marc:subfield>
               <marc:subfield code="d">316-241 B.C.</marc:subfield>
            </marc:datafield>
            <marc:datafield tag="650" ind1=" " ind2="0">
               <marc:subfield code="a">Skeptics (Greek philosophy)</marc:subfield>
            </marc:datafield>
            <marc:datafield tag="950" ind1=" " ind2=" ">
               <marc:subfield code="l">VPL</marc:subfield>
               <marc:subfield code="b">\For. Diss. 9522- 9530 Item 9528\</marc:subfield>
               <marc:subfield code="i">07/27/87 C</marc:subfield>
            </marc:datafield>
            <marc:datafield tag="955" ind1=" " ind2=" ">
               <marc:subfield code="l">VPL</marc:subfield>
               <marc:subfield code="c">1</marc:subfield>
               <marc:subfield code="q">g. Univ. of Königsberg</marc:subfield>
               <marc:subfield code="i">07/27/87 C</marc:subfield>
            </marc:datafield>
         </marc:record>
      </marc>
      <hldgs id="BIB_ID-27448">
         <hldg id="MFHD_ID-34505">
            <MFHD_ID>34505</MFHD_ID>
            <DISPLAY_CALL_NO>For. Diss. 9522-9530</DISPLAY_CALL_NO>
            <NORMALIZED_CALL_NO>FOR. DISS. 9522-9530</NORMALIZED_CALL_NO>
            <HOLD_CREATE_DATE>1997-06-12 00:00:00.0</HOLD_CREATE_DATE>
            <LAST_HOLD_UPDATE>2005-11-18 11:20:32.0</LAST_HOLD_UPDATE>
            <CALL_NO_TYPE>8</CALL_NO_TYPE>
            <PERM_LOCATION_DISP>Storage</PERM_LOCATION_DISP>
            <PERM_LOCATION>LIBRA: From RECORD page, use Place Request tab</PERM_LOCATION>
            <items id="MFHD_ID-34505">
               <item id="ITEM_ID-34802">
                  <ITEM_ID>34802</ITEM_ID>
                  <NUM_HOLDS>0</NUM_HOLDS>
                  <itemStatuses id="ITEM_ID-34802">
                     <itemStatus id="STATUS_ID-1">
                        <STATUS_ID>1</STATUS_ID>
                        <STATUS>Not Charged</STATUS>
                     </itemStatus>
                  </itemStatuses>
               </item>
            </items>
         </hldg>
      </hldgs>
   </record>