
   <record id="BIB_ID-27449">
      <marc id="BIB_ID-27449">
         <marc:record xmlns:marc="http://www.loc.gov/MARC21/slim">
            <marc:controlfield tag="001">27449</marc:controlfield>
            <marc:controlfield tag="003">PU</marc:controlfield>
            <marc:controlfield tag="008">870727s1912    xx       b    00010 ger d</marc:controlfield>
            <marc:datafield tag="035" ind1=" " ind2=" ">
               <marc:subfield code="a">(CStRLIN)PAUG87-B30699</marc:subfield>
            </marc:datafield>
            <marc:datafield tag="035" ind1=" " ind2=" ">
               <marc:subfield code="a">(CaOTULAS)185032869</marc:subfield>
            </marc:datafield>
            <marc:datafield tag="035" ind1=" " ind2=" ">
               <marc:subfield code="9">AAD3717</marc:subfield>
            </marc:datafield>
            <marc:datafield tag="040" ind1=" " ind2=" ">
               <marc:subfield code="a">PU</marc:subfield>
               <marc:subfield code="c">PU</marc:subfield>
            </marc:datafield>
            <marc:datafield tag="043" ind1=" " ind2=" ">
               <marc:subfield code="a">e-pl---</marc:subfield>
            </marc:datafield>
            <marc:datafield tag="090" ind1=" " ind2=" ">
               <marc:subfield code="i">07/27/87 CTZ</marc:subfield>
            </marc:datafield>
            <marc:datafield tag="100" ind1="1" ind2="0">
               <marc:subfield code="a">Paap, Walter,</marc:subfield>
               <marc:subfield code="d">b. 1885.</marc:subfield>
            </marc:datafield>
            <marc:datafield tag="245" ind1="1" ind2="0">
               <marc:subfield code="a">Kloster Belbuck um die Wende des 16. Jahrhunderts /</marc:subfield>
               <marc:subfield code="c">vorgelegt von Walter Paap.</marc:subfield>
            </marc:datafield>
            <marc:datafield tag="260" ind1="0" ind2=" ">
               <marc:subfield code="a">[S.l.] :</marc:subfield>
               <marc:subfield code="b">W. Paap,</marc:subfield>
               <marc:subfield code="c">1912.</marc:subfield>
               <marc:subfield code="e">(Stettin :</marc:subfield>
               <marc:subfield code="f">Herrcke &amp; Lebeling)</marc:subfield>
            </marc:datafield>
            <marc:datafield tag="300" ind1=" " ind2=" ">
               <marc:subfield code="a">76 p. ;</marc:subfield>
               <marc:subfield code="c">23 cm.</marc:subfield>
            </marc:datafield>
            <marc:datafield tag="500" ind1=" " ind2=" ">
               <marc:subfield code="a">Also issued in: Baltische Studien, n.F. Bd. 16.</marc:subfield>
            </marc:datafield>
            <marc:datafield tag="500" ind1=" " ind2=" ">
               <marc:subfield code="a">Vita.</marc:subfield>
            </marc:datafield>
            <marc:datafield tag="502" ind1=" " ind2=" ">
               <marc:subfield code="a">Thesis (doctoral)--Königliche Universität Greifswald.</marc:subfield>
            </marc:datafield>
            <marc:datafield tag="504" ind1=" " ind2=" ">
               <marc:subfield code="a">Includes bibliographical references.</marc:subfield>
            </marc:datafield>
            <marc:datafield tag="590" ind1=" " ind2=" ">
               <marc:subfield code="a">With: Der Begriff der Empfindung bei Fechner / vorgelegt von Johannes Paulsen.  Marburg : J. Paulsen, 1907.</marc:subfield>
            </marc:datafield>
            <marc:datafield tag="651" ind1=" " ind2="0">
               <marc:subfield code="a">Kloster Belbuck (Poland)</marc:subfield>
               <marc:subfield code="x">History.</marc:subfield>
            </marc:datafield>
            <marc:datafield tag="950" ind1=" " ind2=" ">
               <marc:subfield code="l">VPL</marc:subfield>
               <marc:subfield code="b">\For. Diss. 9522- 9530 Item 9529\</marc:subfield>
               <marc:subfield code="i">07/27/87 C</marc:subfield>
            </marc:datafield>
            <marc:datafield tag="955" ind1=" " ind2=" ">
               <marc:subfield code="l">VPL</marc:subfield>
               <marc:subfield code="c">1</marc:subfield>
               <marc:subfield code="q">g. Univ. of Greifswald</marc:subfield>
               <marc:subfield code="i">07/27/87 C</marc:subfield>
            </marc:datafield>
         </marc:record>
      </marc>
      <hldgs id="BIB_ID-27449">
         <hldg id="MFHD_ID-34505">
            <MFHD_ID>34505</MFHD_ID>
            <DISPLAY_CALL_NO>For. Diss. 9522-9530</DISPLAY_CALL_NO>
            <NORMALIZED_CALL_NO>FOR. DISS. 9522-9530</NORMALIZED_CALL_NO>
            <HOLD_CREATE_DATE>1997-06-12 00:00:00.0</HOLD_CREATE_DATE>
            <LAST_HOLD_UPDATE>2005-11-18 11:20:32.0</LAST_HOLD_UPDATE>
            <CALL_NO_TYPE>8</CALL_NO_TYPE>
            <PERM_LOCATION_DISP>Storage</PERM_LOCATION_DISP>
            <PERM_LOCATION>LIBRA: From RECORD page, use Place Request tab</PERM_LOCATION>
            <items id="MFHD_ID-34505">
               <item id="ITEM_ID-34802">
                  <ITEM_ID>34802</ITEM_ID>
                  <NUM_HOLDS>0</NUM_HOLDS>
                  <itemStatuses id="ITEM_ID-34802">
                     <itemStatus id="STATUS_ID-1">
                        <STATUS_ID>1</STATUS_ID>
                        <STATUS>Not Charged</STATUS>
                     </itemStatus>
                  </itemStatuses>
               </item>
            </items>
         </hldg>
      </hldgs>
   </record>