
   <record id="BIB_ID-27451">
      <marc id="BIB_ID-27451">
         <marc:record xmlns:marc="http://www.loc.gov/MARC21/slim">
            <marc:controlfield tag="001">27451</marc:controlfield>
            <marc:controlfield tag="003">PU</marc:controlfield>
            <marc:controlfield tag="008">870727s1891    gw       b    00110 ger c</marc:controlfield>
            <marc:datafield tag="010" ind1=" " ind2=" ">
               <marc:subfield code="a">a  14000430 </marc:subfield>
            </marc:datafield>
            <marc:datafield tag="035" ind1=" " ind2=" ">
               <marc:subfield code="a">(CStRLIN)PAUG87-B30702</marc:subfield>
            </marc:datafield>
            <marc:datafield tag="035" ind1=" " ind2=" ">
               <marc:subfield code="a">(CaOTULAS)185032890</marc:subfield>
            </marc:datafield>
            <marc:datafield tag="035" ind1=" " ind2=" ">
               <marc:subfield code="9">AAD3719</marc:subfield>
            </marc:datafield>
            <marc:datafield tag="040" ind1=" " ind2=" ">
               <marc:subfield code="a">Harvard Univ. Library</marc:subfield>
               <marc:subfield code="c">PU</marc:subfield>
               <marc:subfield code="d">PU</marc:subfield>
            </marc:datafield>
            <marc:datafield tag="090" ind1=" " ind2=" ">
               <marc:subfield code="a">AP30</marc:subfield>
               <marc:subfield code="b">.S709 Hft.50</marc:subfield>
               <marc:subfield code="i">07/28/87 T</marc:subfield>
               <marc:subfield code="h">07/27/87 CTZ</marc:subfield>
            </marc:datafield>
            <marc:datafield tag="100" ind1="1" ind2="0">
               <marc:subfield code="a">Dahlmann, Joseph,</marc:subfield>
               <marc:subfield code="d">1861-1930.</marc:subfield>
            </marc:datafield>
            <marc:datafield tag="245" ind1="1" ind2="4">
               <marc:subfield code="a">Die Sprachkunde und die Missionen :</marc:subfield>
               <marc:subfield code="b">ein Beitrag zur Charakteristik der ältern katholischen Missionsthätigkeit (1500-1800) /</marc:subfield>
               <marc:subfield code="c">von Joseph Dahlmann.</marc:subfield>
            </marc:datafield>
            <marc:datafield tag="260" ind1="0" ind2=" ">
               <marc:subfield code="a">Freiburg im Breisgau ;</marc:subfield>
               <marc:subfield code="a">St. Louis, Mo. :</marc:subfield>
               <marc:subfield code="b">Herder,</marc:subfield>
               <marc:subfield code="c">1891.</marc:subfield>
            </marc:datafield>
            <marc:datafield tag="300" ind1=" " ind2=" ">
               <marc:subfield code="a">xi, 128 p. ;</marc:subfield>
               <marc:subfield code="c">23 cm.</marc:subfield>
            </marc:datafield>
            <marc:datafield tag="440" ind1=" " ind2="0">
               <marc:subfield code="a">Ergänzungshefte zu den Stimmen aus Maria-Laach ;</marc:subfield>
               <marc:subfield code="v">50</marc:subfield>
            </marc:datafield>
            <marc:datafield tag="490" ind1="1" ind2=" ">
               <marc:subfield code="a">Stimmen aus Maria-Laach. 13. Ergänzungsbd.</marc:subfield>
            </marc:datafield>
            <marc:datafield tag="500" ind1=" " ind2=" ">
               <marc:subfield code="a">Includes indexes.</marc:subfield>
            </marc:datafield>
            <marc:datafield tag="504" ind1=" " ind2=" ">
               <marc:subfield code="a">Bibliography: p. v-xi.</marc:subfield>
            </marc:datafield>
            <marc:datafield tag="590" ind1=" " ind2=" ">
               <marc:subfield code="a">With: Die Wohlthätigkeitsanstalten der christlichen Barmherzigkeit in Wien / von Heinrich Pesch. Freiburg im Breisgau ; St. Louis, Mo. : Herder, 1891 -- Der Positivismus vom Tode Comte's bis auf unsere Tage (1857-1891) / von Hermann Gruber. Freiburg im Breisgau ; St. Louis, Mo. : Herder, 1891 -- Pombal / von Bernhard Duhr. Freiburg im Breisgau ; St. Louis, Mo. : Herder, 1891.</marc:subfield>
            </marc:datafield>
            <marc:datafield tag="610" ind1="2" ind2="0">
               <marc:subfield code="a">Catholic Church</marc:subfield>
               <marc:subfield code="x">Missions</marc:subfield>
            </marc:datafield>
            <marc:datafield tag="650" ind1=" " ind2="0">
               <marc:subfield code="a">Language</marc:subfield>
               <marc:subfield code="x">Study and teaching</marc:subfield>
               <marc:subfield code="x">History.</marc:subfield>
            </marc:datafield>
            <marc:datafield tag="830" ind1=" " ind2="0">
               <marc:subfield code="a">Stimmen aus Maria-Laach.</marc:subfield>
               <marc:subfield code="p">... Ergänzungsbd. ;</marc:subfield>
               <marc:subfield code="v">13.</marc:subfield>
            </marc:datafield>
            <marc:datafield tag="950" ind1=" " ind2=" ">
               <marc:subfield code="l">VPL</marc:subfield>
               <marc:subfield code="h">07/27/87 C</marc:subfield>
            </marc:datafield>
            <marc:datafield tag="955" ind1=" " ind2=" ">
               <marc:subfield code="l">VPL</marc:subfield>
               <marc:subfield code="c">1</marc:subfield>
               <marc:subfield code="q">g. anon.</marc:subfield>
               <marc:subfield code="r">[00938 9607]</marc:subfield>
               <marc:subfield code="s">Hft. 50-53 in 1</marc:subfield>
               <marc:subfield code="h">07/27/87 C</marc:subfield>
            </marc:datafield>
         </marc:record>
      </marc>
      <hldgs id="BIB_ID-27451">
         <hldg id="MFHD_ID-34541">
            <MFHD_ID>34541</MFHD_ID>
            <DISPLAY_CALL_NO>AP30 S709 Hft.50-53</DISPLAY_CALL_NO>
            <NORMALIZED_CALL_NO>AP   30            S 709   HFT .50 53</NORMALIZED_CALL_NO>
            <HOLD_CREATE_DATE>1997-06-12 00:00:00.0</HOLD_CREATE_DATE>
            <LAST_HOLD_UPDATE>2005-09-23 15:52:26.0</LAST_HOLD_UPDATE>
            <CALL_NO_TYPE>0</CALL_NO_TYPE>
            <PERM_LOCATION_DISP>Storage</PERM_LOCATION_DISP>
            <PERM_LOCATION>LIBRA: From RECORD page, use Place Request tab</PERM_LOCATION>
            <items id="MFHD_ID-34541">
               <item id="ITEM_ID-34829">
                  <ITEM_ID>34829</ITEM_ID>
                  <NUM_HOLDS>0</NUM_HOLDS>
                  <itemStatuses id="ITEM_ID-34829">
                     <itemStatus id="STATUS_ID-1">
                        <STATUS_ID>1</STATUS_ID>
                        <STATUS>Not Charged</STATUS>
                     </itemStatus>
                  </itemStatuses>
               </item>
            </items>
         </hldg>
      </hldgs>
   </record>