
   <record id="BIB_ID-27452">
      <marc id="BIB_ID-27452">
         <marc:record xmlns:marc="http://www.loc.gov/MARC21/slim">
            <marc:controlfield tag="001">27452</marc:controlfield>
            <marc:controlfield tag="005">19990803154523.0</marc:controlfield>
            <marc:controlfield tag="008">870727s1902    nyu           00000 eng  </marc:controlfield>
            <marc:datafield tag="010" ind1=" " ind2=" ">
               <marc:subfield code="a">   02029272 </marc:subfield>
            </marc:datafield>
            <marc:datafield tag="035" ind1=" " ind2=" ">
               <marc:subfield code="a">(CStRLIN)PAUG87-B30704</marc:subfield>
            </marc:datafield>
            <marc:datafield tag="035" ind1=" " ind2=" ">
               <marc:subfield code="a">(CaOTULAS)185032905</marc:subfield>
            </marc:datafield>
            <marc:datafield tag="035" ind1=" " ind2=" ">
               <marc:subfield code="9">AAD3720</marc:subfield>
            </marc:datafield>
            <marc:datafield tag="040" ind1=" " ind2=" ">
               <marc:subfield code="c">IaU</marc:subfield>
               <marc:subfield code="d">IaU</marc:subfield>
            </marc:datafield>
            <marc:datafield tag="050" ind1="0" ind2=" ">
               <marc:subfield code="a">PN6161</marc:subfield>
               <marc:subfield code="b">.D84</marc:subfield>
            </marc:datafield>
            <marc:datafield tag="090" ind1=" " ind2=" ">
               <marc:subfield code="a">PN6161</marc:subfield>
               <marc:subfield code="b">.D84 1902</marc:subfield>
               <marc:subfield code="i">07/27/87 CTZ</marc:subfield>
            </marc:datafield>
            <marc:datafield tag="100" ind1="1" ind2="0">
               <marc:subfield code="a">Dunne, Finley Peter,</marc:subfield>
               <marc:subfield code="d">1867-1936.</marc:subfield>
            </marc:datafield>
            <marc:datafield tag="245" ind1="1" ind2="0">
               <marc:subfield code="a">Observations by Mr. Dooley [pseud.]</marc:subfield>
            </marc:datafield>
            <marc:datafield tag="260" ind1="0" ind2=" ">
               <marc:subfield code="a">New York,</marc:subfield>
               <marc:subfield code="b">R. H. Russell,</marc:subfield>
               <marc:subfield code="c">1902.</marc:subfield>
            </marc:datafield>
            <marc:datafield tag="300" ind1=" " ind2=" ">
               <marc:subfield code="a">vi, 279 p.</marc:subfield>
               <marc:subfield code="c">20 cm.</marc:subfield>
            </marc:datafield>
            <marc:datafield tag="650" ind1=" " ind2="4">
               <marc:subfield code="a">CHR 1902</marc:subfield>
            </marc:datafield>
            <marc:datafield tag="950" ind1=" " ind2=" ">
               <marc:subfield code="l">RBC</marc:subfield>
               <marc:subfield code="i">07/27/87 C</marc:subfield>
            </marc:datafield>
            <marc:datafield tag="955" ind1=" " ind2=" ">
               <marc:subfield code="l">RBC</marc:subfield>
               <marc:subfield code="c">1</marc:subfield>
               <marc:subfield code="q">g. anon.</marc:subfield>
               <marc:subfield code="i">07/27/87 C</marc:subfield>
            </marc:datafield>
            <marc:datafield tag="948" ind1=" " ind2=" ">
               <marc:subfield code="a">xx</marc:subfield>
               <marc:subfield code="a">loc:msf</marc:subfield>
            </marc:datafield>
         </marc:record>
      </marc>
      <hldgs id="BIB_ID-27452">
         <hldg id="MFHD_ID-34542">
            <MFHD_ID>34542</MFHD_ID>
            <DISPLAY_CALL_NO>PN6161 .D84 1902</DISPLAY_CALL_NO>
            <NORMALIZED_CALL_NO>PN 6161            D 84   1902</NORMALIZED_CALL_NO>
            <HOLD_CREATE_DATE>1997-06-12 00:00:00.0</HOLD_CREATE_DATE>
            <LAST_HOLD_UPDATE>1997-06-12 00:00:00.0</LAST_HOLD_UPDATE>
            <CALL_NO_TYPE>0</CALL_NO_TYPE>
            <PERM_LOCATION_DISP>Rare Bk &amp; Mss Rare Book</PERM_LOCATION_DISP>
            <PERM_LOCATION>Rare Bk &amp; Ms Library RBC</PERM_LOCATION>
         </hldg>
         <hldg id="MFHD_ID-34543">
            <MFHD_ID>34543</MFHD_ID>
            <DISPLAY_CALL_NO>PN6161 .D84 1902</DISPLAY_CALL_NO>
            <NORMALIZED_CALL_NO>PN 6161            D 84   1902</NORMALIZED_CALL_NO>
            <HOLD_CREATE_DATE>1997-06-12 00:00:00.0</HOLD_CREATE_DATE>
            <LAST_HOLD_UPDATE>1997-06-12 00:00:00.0</LAST_HOLD_UPDATE>
            <CALL_NO_TYPE>0</CALL_NO_TYPE>
            <PERM_LOCATION_DISP>A Van Pelt Library</PERM_LOCATION_DISP>
            <PERM_LOCATION>Van Pelt Library</PERM_LOCATION>
            <items id="MFHD_ID-34543">
               <item id="ITEM_ID-34830">
                  <ITEM_ID>34830</ITEM_ID>
                  <NUM_HOLDS>0</NUM_HOLDS>
                  <itemStatuses id="ITEM_ID-34830">
                     <itemStatus id="STATUS_ID-1">
                        <STATUS_ID>1</STATUS_ID>
                        <STATUS>Not Charged</STATUS>
                     </itemStatus>
                  </itemStatuses>
               </item>
            </items>
         </hldg>
      </hldgs>
   </record>