
   <record id="BIB_ID-27454">
      <marc id="BIB_ID-27454">
         <marc:record xmlns:marc="http://www.loc.gov/MARC21/slim">
            <marc:controlfield tag="001">27454</marc:controlfield>
            <marc:controlfield tag="003">PU</marc:controlfield>
            <marc:controlfield tag="008">870727s1885    gw       b    00010 ger  </marc:controlfield>
            <marc:datafield tag="010" ind1=" " ind2=" ">
               <marc:subfield code="a">   03012026 </marc:subfield>
            </marc:datafield>
            <marc:datafield tag="035" ind1=" " ind2=" ">
               <marc:subfield code="a">(CStRLIN)PAUG87-B30707</marc:subfield>
            </marc:datafield>
            <marc:datafield tag="035" ind1=" " ind2=" ">
               <marc:subfield code="a">(CaOTULAS)185032930</marc:subfield>
            </marc:datafield>
            <marc:datafield tag="035" ind1=" " ind2=" ">
               <marc:subfield code="9">AAD3722</marc:subfield>
            </marc:datafield>
            <marc:datafield tag="040" ind1=" " ind2=" ">
               <marc:subfield code="c">PU</marc:subfield>
               <marc:subfield code="d">PU</marc:subfield>
            </marc:datafield>
            <marc:datafield tag="050" ind1="0" ind2=" ">
               <marc:subfield code="a">AP30</marc:subfield>
               <marc:subfield code="b">.S7 Hft.30-31</marc:subfield>
            </marc:datafield>
            <marc:datafield tag="090" ind1=" " ind2=" ">
               <marc:subfield code="a">AP30</marc:subfield>
               <marc:subfield code="b">.S709 Hft.30-31</marc:subfield>
               <marc:subfield code="i">07/28/87 T</marc:subfield>
               <marc:subfield code="h">07/27/87 CTZ</marc:subfield>
            </marc:datafield>
            <marc:datafield tag="100" ind1="1" ind2="0">
               <marc:subfield code="a">Gietmann, G.</marc:subfield>
               <marc:subfield code="q">(Gerhard),</marc:subfield>
               <marc:subfield code="d">1845-1912.</marc:subfield>
            </marc:datafield>
            <marc:datafield tag="245" ind1="1" ind2="4">
               <marc:subfield code="a">Die Göttliche Komödie und ihr Dichter Dante Alighieri /</marc:subfield>
               <marc:subfield code="c">von Gerhard Gietmann.</marc:subfield>
            </marc:datafield>
            <marc:datafield tag="260" ind1="0" ind2=" ">
               <marc:subfield code="a">Freiburg im Breisgau ;</marc:subfield>
               <marc:subfield code="a">St. Louis, Mo. :</marc:subfield>
               <marc:subfield code="b">Herder,</marc:subfield>
               <marc:subfield code="c">1885.</marc:subfield>
            </marc:datafield>
            <marc:datafield tag="300" ind1=" " ind2=" ">
               <marc:subfield code="a">2 v. ;</marc:subfield>
               <marc:subfield code="c">23 cm.</marc:subfield>
            </marc:datafield>
            <marc:datafield tag="440" ind1=" " ind2="0">
               <marc:subfield code="a">Ergänzungshefte zu den Stimmen aus Maria-Laach ;</marc:subfield>
               <marc:subfield code="v">30-31</marc:subfield>
            </marc:datafield>
            <marc:datafield tag="490" ind1="1" ind2=" ">
               <marc:subfield code="a">Stimmen aus Maria-laach. 8. Ergänzungsbd.</marc:subfield>
            </marc:datafield>
            <marc:datafield tag="504" ind1=" " ind2=" ">
               <marc:subfield code="a">Includes bibliographical references.</marc:subfield>
            </marc:datafield>
            <marc:datafield tag="590" ind1=" " ind2=" ">
               <marc:subfield code="a">With: Die Sittenlehre des Darwinismus / von Victor Cathrein. Freiburg im Breisgau ; St. Louis, Mo. ; Herder, 1885.</marc:subfield>
            </marc:datafield>
            <marc:datafield tag="600" ind1="0" ind2="0">
               <marc:subfield code="a">Dante Alighieri,</marc:subfield>
               <marc:subfield code="d">1265-1321.</marc:subfield>
               <marc:subfield code="t">Divina commedia</marc:subfield>
            </marc:datafield>
            <marc:datafield tag="830" ind1=" " ind2="0">
               <marc:subfield code="a">Stimmen aus Maria-Laach.</marc:subfield>
               <marc:subfield code="p">... Ergänzungsbd. ;</marc:subfield>
               <marc:subfield code="v">8.</marc:subfield>
            </marc:datafield>
            <marc:datafield tag="950" ind1=" " ind2=" ">
               <marc:subfield code="l">VPL</marc:subfield>
               <marc:subfield code="h">07/27/87 C</marc:subfield>
            </marc:datafield>
            <marc:datafield tag="955" ind1=" " ind2=" ">
               <marc:subfield code="l">VPL</marc:subfield>
               <marc:subfield code="c">1</marc:subfield>
               <marc:subfield code="q">g. anon.</marc:subfield>
               <marc:subfield code="s">Hft. 29-32 in 1</marc:subfield>
               <marc:subfield code="h">07/27/87 C</marc:subfield>
            </marc:datafield>
         </marc:record>
      </marc>
      <hldgs id="BIB_ID-27454">
         <hldg id="MFHD_ID-34544">
            <MFHD_ID>34544</MFHD_ID>
            <DISPLAY_CALL_NO>AP30 S709 Hft.29-32</DISPLAY_CALL_NO>
            <NORMALIZED_CALL_NO>AP   30            S 709   HFT .29 32</NORMALIZED_CALL_NO>
            <HOLD_CREATE_DATE>1997-06-12 00:00:00.0</HOLD_CREATE_DATE>
            <LAST_HOLD_UPDATE>2005-09-23 15:37:38.0</LAST_HOLD_UPDATE>
            <CALL_NO_TYPE>0</CALL_NO_TYPE>
            <PERM_LOCATION_DISP>Storage</PERM_LOCATION_DISP>
            <PERM_LOCATION>LIBRA: From RECORD page, use Place Request tab</PERM_LOCATION>
            <items id="MFHD_ID-34544">
               <item id="ITEM_ID-34831">
                  <ITEM_ID>34831</ITEM_ID>
                  <NUM_HOLDS>0</NUM_HOLDS>
                  <itemStatuses id="ITEM_ID-34831">
                     <itemStatus id="STATUS_ID-1">
                        <STATUS_ID>1</STATUS_ID>
                        <STATUS>Not Charged</STATUS>
                     </itemStatus>
                  </itemStatuses>
               </item>
            </items>
         </hldg>
      </hldgs>
   </record>