
   <record id="BIB_ID-27456">
      <marc id="BIB_ID-27456">
         <marc:record xmlns:marc="http://www.loc.gov/MARC21/slim">
            <marc:controlfield tag="001">27456</marc:controlfield>
            <marc:controlfield tag="005">20010921151110.0</marc:controlfield>
            <marc:controlfield tag="008">870727r19661882sz agh        00010 gmh  </marc:controlfield>
            <marc:datafield tag="010" ind1=" " ind2=" ">
               <marc:subfield code="a">   17008864 </marc:subfield>
            </marc:datafield>
            <marc:datafield tag="035" ind1=" " ind2=" ">
               <marc:subfield code="a">(CStRLIN)PAUG87-B30709</marc:subfield>
            </marc:datafield>
            <marc:datafield tag="035" ind1=" " ind2=" ">
               <marc:subfield code="a">(CaOTULAS)185032947</marc:subfield>
            </marc:datafield>
            <marc:datafield tag="035" ind1=" " ind2=" ">
               <marc:subfield code="9">AAD3724</marc:subfield>
            </marc:datafield>
            <marc:datafield tag="040" ind1=" " ind2=" ">
               <marc:subfield code="a">PU</marc:subfield>
               <marc:subfield code="c">PU</marc:subfield>
            </marc:datafield>
            <marc:datafield tag="050" ind1="0" ind2=" ">
               <marc:subfield code="a">M2</marc:subfield>
               <marc:subfield code="b">.G39 Bd.11</marc:subfield>
            </marc:datafield>
            <marc:datafield tag="090" ind1=" " ind2=" ">
               <marc:subfield code="a">M2</marc:subfield>
               <marc:subfield code="b">.G39 Bd.11</marc:subfield>
               <marc:subfield code="i">07/27/87 T</marc:subfield>
            </marc:datafield>
            <marc:datafield tag="100" ind1="1" ind2="0">
               <marc:subfield code="a">Virdung, Sebastian,</marc:subfield>
               <marc:subfield code="d">b. 1465?</marc:subfield>
            </marc:datafield>
            <marc:datafield tag="245" ind1="0" ind2="0">
               <marc:subfield code="a">Musica getutscht :</marc:subfield>
               <marc:subfield code="b">und ausgezogē durch Sebastianū Virdung Priesters von Amberg und alles Gesang auss den Notē in die Tabulaturē diser benantē dryer Instrumētē, der Orgeln, der Lautē und d̄ Flöten transferieren zu lernē kurtzlich gemacht zu erendē hochwirdigē hoch gebornen fürsten unnd Herren: Herr Wilhalmen Bischoue zü Strassburg seynem gnedigē Herren.</marc:subfield>
            </marc:datafield>
            <marc:datafield tag="260" ind1="0" ind2=" ">
               <marc:subfield code="a">New York :</marc:subfield>
               <marc:subfield code="b">Broude,</marc:subfield>
               <marc:subfield code="c">1966.</marc:subfield>
            </marc:datafield>
            <marc:datafield tag="300" ind1=" " ind2=" ">
               <marc:subfield code="a">facsim.: [111] p.</marc:subfield>
               <marc:subfield code="b">illus., music</marc:subfield>
               <marc:subfield code="c">19 x 25 cm.</marc:subfield>
            </marc:datafield>
            <marc:datafield tag="440" ind1=" " ind2="0">
               <marc:subfield code="a">Publikation aelterer praktischer und theoretischer Musik-Werke.</marc:subfield>
               <marc:subfield code="v">Bd. 11</marc:subfield>
            </marc:datafield>
            <marc:datafield tag="650" ind1=" " ind2="0">
               <marc:subfield code="a">Musical instruments</marc:subfield>
            </marc:datafield>
            <marc:datafield tag="650" ind1=" " ind2="0">
               <marc:subfield code="a">Tablature (Musical notation)</marc:subfield>
            </marc:datafield>
            <marc:datafield tag="650" ind1=" " ind2="0">
               <marc:subfield code="a">Music theory</marc:subfield>
               <marc:subfield code="x">History</marc:subfield>
               <marc:subfield code="y">16th-17th centuries.</marc:subfield>
            </marc:datafield>
            <marc:datafield tag="950" ind1=" " ind2=" ">
               <marc:subfield code="l">VPL</marc:subfield>
               <marc:subfield code="f">Library Use Only</marc:subfield>
            </marc:datafield>
            <marc:datafield tag="955" ind1=" " ind2=" ">
               <marc:subfield code="l">VPL</marc:subfield>
               <marc:subfield code="c">1</marc:subfield>
               <marc:subfield code="q">B12300</marc:subfield>
               <marc:subfield code="i">07/27/87 C</marc:subfield>
            </marc:datafield>
         </marc:record>
      </marc>
      <hldgs id="BIB_ID-27456">
         <hldg id="MFHD_ID-34547">
            <MFHD_ID>34547</MFHD_ID>
            <DISPLAY_CALL_NO>M2 .G39 Bd.11</DISPLAY_CALL_NO>
            <NORMALIZED_CALL_NO>M    2            G 39   BD .11</NORMALIZED_CALL_NO>
            <HOLD_CREATE_DATE>1997-06-12 00:00:00.0</HOLD_CREATE_DATE>
            <LAST_HOLD_UPDATE>1997-06-12 00:00:00.0</LAST_HOLD_UPDATE>
            <CALL_NO_TYPE>0</CALL_NO_TYPE>
            <PERM_LOCATION_DISP>A Van Pelt Library</PERM_LOCATION_DISP>
            <PERM_LOCATION>Van Pelt Library</PERM_LOCATION>
            <items id="MFHD_ID-34547">
               <item id="ITEM_ID-34832">
                  <ITEM_ID>34832</ITEM_ID>
                  <NUM_HOLDS>0</NUM_HOLDS>
                  <itemStatuses id="ITEM_ID-34832">
                     <itemStatus id="STATUS_ID-1">
                        <STATUS_ID>1</STATUS_ID>
                        <STATUS>Not Charged</STATUS>
                     </itemStatus>
                  </itemStatuses>
               </item>
            </items>
         </hldg>
      </hldgs>
   </record>