
   <record id="BIB_ID-27457">
      <marc id="BIB_ID-27457">
         <marc:record xmlns:marc="http://www.loc.gov/MARC21/slim">
            <marc:controlfield tag="001">27457</marc:controlfield>
            <marc:controlfield tag="003">PU</marc:controlfield>
            <marc:controlfield tag="008">870727s1958    nyub          00110 eng d</marc:controlfield>
            <marc:datafield tag="010" ind1=" " ind2=" ">
               <marc:subfield code="a">   58010194 </marc:subfield>
            </marc:datafield>
            <marc:datafield tag="035" ind1=" " ind2=" ">
               <marc:subfield code="a">(CStRLIN)PAUG87-B30710</marc:subfield>
            </marc:datafield>
            <marc:datafield tag="035" ind1=" " ind2=" ">
               <marc:subfield code="a">(CaOTULAS)185032983</marc:subfield>
            </marc:datafield>
            <marc:datafield tag="035" ind1=" " ind2=" ">
               <marc:subfield code="9">AAD3725</marc:subfield>
            </marc:datafield>
            <marc:datafield tag="040" ind1=" " ind2=" ">
               <marc:subfield code="a">PU</marc:subfield>
               <marc:subfield code="c">PU</marc:subfield>
            </marc:datafield>
            <marc:datafield tag="090" ind1=" " ind2=" ">
               <marc:subfield code="a">BX4700.B3</marc:subfield>
               <marc:subfield code="b">M3 1958</marc:subfield>
               <marc:subfield code="i">07/27/87 CTZ</marc:subfield>
            </marc:datafield>
            <marc:datafield tag="100" ind1="1" ind2="0">
               <marc:subfield code="a">McCann, Justin,</marc:subfield>
               <marc:subfield code="d">1882-1959.</marc:subfield>
            </marc:datafield>
            <marc:datafield tag="245" ind1="1" ind2="0">
               <marc:subfield code="a">Saint Benedict /</marc:subfield>
               <marc:subfield code="c">Justin McCann.</marc:subfield>
            </marc:datafield>
            <marc:datafield tag="260" ind1="0" ind2=" ">
               <marc:subfield code="a">Garden City, N. Y. :</marc:subfield>
               <marc:subfield code="b">Inage Books,</marc:subfield>
               <marc:subfield code="c">1958.</marc:subfield>
            </marc:datafield>
            <marc:datafield tag="300" ind1=" " ind2=" ">
               <marc:subfield code="a">233 p. ;</marc:subfield>
               <marc:subfield code="c">19 cm.</marc:subfield>
            </marc:datafield>
            <marc:datafield tag="490" ind1="0" ind2=" ">
               <marc:subfield code="a">A Doubleday image book,</marc:subfield>
               <marc:subfield code="v">D68</marc:subfield>
            </marc:datafield>
            <marc:datafield tag="500" ind1=" " ind2=" ">
               <marc:subfield code="a">Includes index.</marc:subfield>
            </marc:datafield>
            <marc:datafield tag="600" ind1="0" ind2="0">
               <marc:subfield code="a">Benedict,</marc:subfield>
               <marc:subfield code="c">Saint, Abbot of Monte Cassino.</marc:subfield>
            </marc:datafield>
            <marc:datafield tag="650" ind1=" " ind2="0">
               <marc:subfield code="a">Benedictines.</marc:subfield>
            </marc:datafield>
            <marc:datafield tag="950" ind1=" " ind2=" ">
               <marc:subfield code="l">VPL</marc:subfield>
               <marc:subfield code="i">07/27/87 C</marc:subfield>
            </marc:datafield>
            <marc:datafield tag="955" ind1=" " ind2=" ">
               <marc:subfield code="l">VPL</marc:subfield>
               <marc:subfield code="c">1</marc:subfield>
               <marc:subfield code="q">A84503</marc:subfield>
               <marc:subfield code="r">[00902 4931]</marc:subfield>
               <marc:subfield code="s">Recl. fr. 922/B433M/1958</marc:subfield>
               <marc:subfield code="i">07/27/87 C</marc:subfield>
            </marc:datafield>
            <marc:datafield tag="955" ind1=" " ind2=" ">
               <marc:subfield code="l">VPL</marc:subfield>
               <marc:subfield code="c">2</marc:subfield>
               <marc:subfield code="q">A84503</marc:subfield>
               <marc:subfield code="r">[00677 4652]</marc:subfield>
               <marc:subfield code="i">07/27/87 C</marc:subfield>
            </marc:datafield>
         </marc:record>
      </marc>
      <hldgs id="BIB_ID-27457">
         <hldg id="MFHD_ID-34548">
            <MFHD_ID>34548</MFHD_ID>
            <DISPLAY_CALL_NO>BX4700.B3 M3 1958</DISPLAY_CALL_NO>
            <NORMALIZED_CALL_NO>BX 4700            B 3   M 3   1958</NORMALIZED_CALL_NO>
            <HOLD_CREATE_DATE>1997-06-12 00:00:00.0</HOLD_CREATE_DATE>
            <LAST_HOLD_UPDATE>1997-06-12 00:00:00.0</LAST_HOLD_UPDATE>
            <CALL_NO_TYPE>0</CALL_NO_TYPE>
            <PERM_LOCATION_DISP>A Van Pelt Library</PERM_LOCATION_DISP>
            <PERM_LOCATION>Van Pelt Library</PERM_LOCATION>
            <items id="MFHD_ID-34548">
               <item id="ITEM_ID-34833">
                  <ITEM_ID>34833</ITEM_ID>
                  <ITEM_ENUM>BX/4700/B3/M3/1958</ITEM_ENUM>
                  <NUM_HOLDS>0</NUM_HOLDS>
                  <itemStatuses id="ITEM_ID-34833">
                     <itemStatus id="STATUS_ID-1">
                        <STATUS_ID>1</STATUS_ID>
                        <STATUS>Not Charged</STATUS>
                     </itemStatus>
                  </itemStatuses>
               </item>
            </items>
         </hldg>
         <hldg id="MFHD_ID-34549">
            <MFHD_ID>34549</MFHD_ID>
            <DISPLAY_CALL_NO>BX4700.B3 M3 1958</DISPLAY_CALL_NO>
            <NORMALIZED_CALL_NO>BX 4700            B 3   M 3   1958</NORMALIZED_CALL_NO>
            <HOLD_CREATE_DATE>1997-06-12 00:00:00.0</HOLD_CREATE_DATE>
            <LAST_HOLD_UPDATE>1997-06-12 00:00:00.0</LAST_HOLD_UPDATE>
            <CALL_NO_TYPE>0</CALL_NO_TYPE>
            <PERM_LOCATION_DISP>A Van Pelt Library</PERM_LOCATION_DISP>
            <PERM_LOCATION>Van Pelt Library</PERM_LOCATION>
            <items id="MFHD_ID-34549">
               <item id="ITEM_ID-34834">
                  <ITEM_ID>34834</ITEM_ID>
                  <ITEM_ENUM>BX/4700/B3/M3/1958</ITEM_ENUM>
                  <NUM_HOLDS>0</NUM_HOLDS>
                  <itemStatuses id="ITEM_ID-34834">
                     <itemStatus id="STATUS_ID-1">
                        <STATUS_ID>1</STATUS_ID>
                        <STATUS>Not Charged</STATUS>
                     </itemStatus>
                  </itemStatuses>
               </item>
            </items>
         </hldg>
      </hldgs>
   </record>