
   <record id="BIB_ID-27459">
      <marc id="BIB_ID-27459">
         <marc:record xmlns:marc="http://www.loc.gov/MARC21/slim">
            <marc:controlfield tag="001">27459</marc:controlfield>
            <marc:controlfield tag="003">PU</marc:controlfield>
            <marc:controlfield tag="008">870727s1982    su af         00010 engo </marc:controlfield>
            <marc:datafield tag="010" ind1=" " ind2=" ">
               <marc:subfield code="a">   84960759 </marc:subfield>
            </marc:datafield>
            <marc:datafield tag="035" ind1=" " ind2=" ">
               <marc:subfield code="a">(CStRLIN)PAUG87-B30712</marc:subfield>
            </marc:datafield>
            <marc:datafield tag="035" ind1=" " ind2=" ">
               <marc:subfield code="a">(CaOTULAS)185032991</marc:subfield>
            </marc:datafield>
            <marc:datafield tag="035" ind1=" " ind2=" ">
               <marc:subfield code="9">AAD3727</marc:subfield>
            </marc:datafield>
            <marc:datafield tag="040" ind1=" " ind2=" ">
               <marc:subfield code="d">CStRLIN</marc:subfield>
            </marc:datafield>
            <marc:datafield tag="041" ind1="0" ind2=" ">
               <marc:subfield code="a">engara</marc:subfield>
            </marc:datafield>
            <marc:datafield tag="043" ind1=" " ind2=" ">
               <marc:subfield code="a">a-su---</marc:subfield>
            </marc:datafield>
            <marc:datafield tag="050" ind1="0" ind2=" ">
               <marc:subfield code="a">BP187.45</marc:subfield>
               <marc:subfield code="b">.K36 1982</marc:subfield>
            </marc:datafield>
            <marc:datafield tag="090" ind1=" " ind2=" ">
               <marc:subfield code="a">BP187.45</marc:subfield>
               <marc:subfield code="b">.K36 1982</marc:subfield>
               <marc:subfield code="i">07/27/87 CTZ</marc:subfield>
            </marc:datafield>
            <marc:datafield tag="100" ind1="2" ind2="0">
               <marc:subfield code="a">Kamāl al-Dīn, Ḥusayn.</marc:subfield>
            </marc:datafield>
            <marc:datafield tag="245" ind1="1" ind2="0">
               <marc:subfield code="a">Kebla directories for the whole world /</marc:subfield>
               <marc:subfield code="c">by Hussein Kamal Eldin.</marc:subfield>
            </marc:datafield>
            <marc:datafield tag="260" ind1="0" ind2=" ">
               <marc:subfield code="a">[Riyadh] :</marc:subfield>
               <marc:subfield code="b">Conferenc [sic] on Islamic Jurisprudence, The Islamic University of Imam Muhammad Ibn Saud,</marc:subfield>
               <marc:subfield code="c">[1982]</marc:subfield>
            </marc:datafield>
            <marc:datafield tag="300" ind1=" " ind2=" ">
               <marc:subfield code="a">358 p., [1] folded leaf of plates :</marc:subfield>
               <marc:subfield code="b">col. ill. ;</marc:subfield>
               <marc:subfield code="c">28 cm.</marc:subfield>
            </marc:datafield>
            <marc:datafield tag="500" ind1=" " ind2=" ">
               <marc:subfield code="a">Title on added t.p.: Jadāwil inḥirāfāt al-Qiblah li-jamī\ biqā\ al-\ālam.</marc:subfield>
            </marc:datafield>
            <marc:datafield tag="500" ind1=" " ind2=" ">
               <marc:subfield code="a">Introd. in Arabic and English.</marc:subfield>
            </marc:datafield>
            <marc:datafield tag="650" ind1=" " ind2="0">
               <marc:subfield code="a">Qiblah</marc:subfield>
               <marc:subfield code="x">Tables.</marc:subfield>
            </marc:datafield>
            <marc:datafield tag="740" ind1="0" ind2="1">
               <marc:subfield code="a">Jadāwil inḥirāfāt al-Qiblah li-jamī\ biqā\ al-\ālam.</marc:subfield>
            </marc:datafield>
            <marc:datafield tag="950" ind1=" " ind2=" ">
               <marc:subfield code="l">VPL</marc:subfield>
               <marc:subfield code="i">07/27/87 C ?110:\ss\</marc:subfield>
            </marc:datafield>
            <marc:datafield tag="955" ind1=" " ind2=" ">
               <marc:subfield code="l">VPL</marc:subfield>
               <marc:subfield code="c">1</marc:subfield>
               <marc:subfield code="q">MECAP</marc:subfield>
               <marc:subfield code="r">[00939 0688]</marc:subfield>
               <marc:subfield code="i">07/27/87 C</marc:subfield>
            </marc:datafield>
         </marc:record>
      </marc>
      <hldgs id="BIB_ID-27459">
         <hldg id="MFHD_ID-34552">
            <MFHD_ID>34552</MFHD_ID>
            <DISPLAY_CALL_NO>BP187.45 .K36 1982</DISPLAY_CALL_NO>
            <NORMALIZED_CALL_NO>BP  18745          K 36   1982</NORMALIZED_CALL_NO>
            <HOLD_CREATE_DATE>1997-06-12 00:00:00.0</HOLD_CREATE_DATE>
            <LAST_HOLD_UPDATE>2004-07-22 15:53:10.0</LAST_HOLD_UPDATE>
            <CALL_NO_TYPE>0</CALL_NO_TYPE>
            <PERM_LOCATION_DISP>Storage</PERM_LOCATION_DISP>
            <PERM_LOCATION>LIBRA: From RECORD page, use Place Request tab</PERM_LOCATION>
            <items id="MFHD_ID-34552">
               <item id="ITEM_ID-34837">
                  <ITEM_ID>34837</ITEM_ID>
                  <NUM_HOLDS>0</NUM_HOLDS>
                  <itemStatuses id="ITEM_ID-34837">
                     <itemStatus id="STATUS_ID-1">
                        <STATUS_ID>1</STATUS_ID>
                        <STATUS>Not Charged</STATUS>
                     </itemStatus>
                  </itemStatuses>
               </item>
            </items>
         </hldg>
      </hldgs>
   </record>