
   <record id="BIB_ID-27461">
      <marc id="BIB_ID-27461">
         <marc:record xmlns:marc="http://www.loc.gov/MARC21/slim">
            <marc:controlfield tag="001">27461</marc:controlfield>
            <marc:controlfield tag="005">20070525154127.0</marc:controlfield>
            <marc:controlfield tag="008">870727r19661896nyu           00000 gmh  </marc:controlfield>
            <marc:datafield tag="020" ind1=" " ind2=" ">
               <marc:subfield code="c">$30.00</marc:subfield>
            </marc:datafield>
            <marc:datafield tag="035" ind1=" " ind2=" ">
               <marc:subfield code="a">(CStRLIN)PAUG87-B30715</marc:subfield>
            </marc:datafield>
            <marc:datafield tag="035" ind1=" " ind2=" ">
               <marc:subfield code="a">(CaOTULAS)185033001</marc:subfield>
            </marc:datafield>
            <marc:datafield tag="035" ind1=" " ind2=" ">
               <marc:subfield code="9">AAD3729</marc:subfield>
            </marc:datafield>
            <marc:datafield tag="040" ind1=" " ind2=" ">
               <marc:subfield code="c">OMC</marc:subfield>
               <marc:subfield code="d">FTaSU</marc:subfield>
               <marc:subfield code="d">CStRLIN</marc:subfield>
               <marc:subfield code="d">PU</marc:subfield>
            </marc:datafield>
            <marc:datafield tag="090" ind1=" " ind2=" ">
               <marc:subfield code="a">M2</marc:subfield>
               <marc:subfield code="b">.G39 Bd.20</marc:subfield>
               <marc:subfield code="i">07/27/87 T</marc:subfield>
            </marc:datafield>
            <marc:datafield tag="100" ind1="1" ind2=" ">
               <marc:subfield code="a">Agricola, Martin,</marc:subfield>
               <marc:subfield code="d">1486-1556.</marc:subfield>
            </marc:datafield>
            <marc:datafield tag="240" ind1="1" ind2="0">
               <marc:subfield code="a">Musica instrumentalis deudsch</marc:subfield>
            </marc:datafield>
            <marc:datafield tag="245" ind1="1" ind2="0">
               <marc:subfield code="a">Musica instrumentalis deutsch, 1528 und 1545 :</marc:subfield>
               <marc:subfield code="b">in neuer diplomatisch genauer, zum Teil facsimilierter Ausg.</marc:subfield>
            </marc:datafield>
            <marc:datafield tag="260" ind1=" " ind2=" ">
               <marc:subfield code="a">New York :</marc:subfield>
               <marc:subfield code="b">Broude,</marc:subfield>
               <marc:subfield code="c">1966.</marc:subfield>
            </marc:datafield>
            <marc:datafield tag="300" ind1=" " ind2=" ">
               <marc:subfield code="a">295 p. :</marc:subfield>
               <marc:subfield code="b">illus., music. ;</marc:subfield>
               <marc:subfield code="c">24 cm.</marc:subfield>
            </marc:datafield>
            <marc:datafield tag="490" ind1="0" ind2=" ">
               <marc:subfield code="a">Publikation aelterer praktischer und theoretischer Musikwerke, Bd. 20</marc:subfield>
            </marc:datafield>
            <marc:datafield tag="500" ind1=" " ind2=" ">
               <marc:subfield code="a">Edited by Robert Eitner.</marc:subfield>
            </marc:datafield>
            <marc:datafield tag="500" ind1=" " ind2=" ">
               <marc:subfield code="a">Reprint of the Leipzig, 1896, edition.</marc:subfield>
            </marc:datafield>
            <marc:datafield tag="650" ind1=" " ind2="0">
               <marc:subfield code="a">Music theory</marc:subfield>
               <marc:subfield code="v">Early works to 1800.</marc:subfield>
            </marc:datafield>
            <marc:datafield tag="650" ind1=" " ind2="0">
               <marc:subfield code="a">Musical instruments</marc:subfield>
            </marc:datafield>
            <marc:datafield tag="700" ind1="1" ind2=" ">
               <marc:subfield code="a">Eitner, Robert,</marc:subfield>
               <marc:subfield code="d">1832-1905.</marc:subfield>
            </marc:datafield>
            <marc:datafield tag="950" ind1=" " ind2=" ">
               <marc:subfield code="l">VPL</marc:subfield>
               <marc:subfield code="f">Library Use Only</marc:subfield>
            </marc:datafield>
            <marc:datafield tag="955" ind1=" " ind2=" ">
               <marc:subfield code="l">VPL</marc:subfield>
               <marc:subfield code="c">1</marc:subfield>
               <marc:subfield code="q">B12300</marc:subfield>
               <marc:subfield code="i">07/27/87 C</marc:subfield>
            </marc:datafield>
         </marc:record>
      </marc>
      <hldgs id="BIB_ID-27461">
         <hldg id="MFHD_ID-34554">
            <MFHD_ID>34554</MFHD_ID>
            <DISPLAY_CALL_NO>M2 .G39 Bd.20</DISPLAY_CALL_NO>
            <NORMALIZED_CALL_NO>M    2            G 39   BD .20</NORMALIZED_CALL_NO>
            <HOLD_CREATE_DATE>1997-06-12 00:00:00.0</HOLD_CREATE_DATE>
            <LAST_HOLD_UPDATE>1997-06-12 00:00:00.0</LAST_HOLD_UPDATE>
            <CALL_NO_TYPE>0</CALL_NO_TYPE>
            <PERM_LOCATION_DISP>A Van Pelt Library</PERM_LOCATION_DISP>
            <PERM_LOCATION>Van Pelt Library</PERM_LOCATION>
            <items id="MFHD_ID-34554">
               <item id="ITEM_ID-34839">
                  <ITEM_ID>34839</ITEM_ID>
                  <NUM_HOLDS>0</NUM_HOLDS>
                  <itemStatuses id="ITEM_ID-34839">
                     <itemStatus id="STATUS_ID-1">
                        <STATUS_ID>1</STATUS_ID>
                        <STATUS>Not Charged</STATUS>
                     </itemStatus>
                  </itemStatuses>
               </item>
            </items>
         </hldg>
      </hldgs>
   </record>