
   <record id="BIB_ID-27462">
      <marc id="BIB_ID-27462">
         <marc:record xmlns:marc="http://www.loc.gov/MARC21/slim">
            <marc:controlfield tag="001">27462</marc:controlfield>
            <marc:controlfield tag="003">PU</marc:controlfield>
            <marc:controlfield tag="008">870727s1952    cau           00110 eng d</marc:controlfield>
            <marc:datafield tag="035" ind1=" " ind2=" ">
               <marc:subfield code="a">(CStRLIN)PAUG87-B30716</marc:subfield>
            </marc:datafield>
            <marc:datafield tag="035" ind1=" " ind2=" ">
               <marc:subfield code="a">(CaOTULAS)185033032</marc:subfield>
            </marc:datafield>
            <marc:datafield tag="035" ind1=" " ind2=" ">
               <marc:subfield code="9">AAD3730</marc:subfield>
            </marc:datafield>
            <marc:datafield tag="040" ind1=" " ind2=" ">
               <marc:subfield code="a">PU</marc:subfield>
               <marc:subfield code="c">PU</marc:subfield>
            </marc:datafield>
            <marc:datafield tag="043" ind1=" " ind2=" ">
               <marc:subfield code="a">n-us---</marc:subfield>
               <marc:subfield code="a">a-sa---</marc:subfield>
            </marc:datafield>
            <marc:datafield tag="090" ind1=" " ind2=" ">
               <marc:subfield code="a">D769.8.A6</marc:subfield>
               <marc:subfield code="b">T45 1952</marc:subfield>
               <marc:subfield code="i">07/27/87 CTZ</marc:subfield>
            </marc:datafield>
            <marc:datafield tag="100" ind1="1" ind2="0">
               <marc:subfield code="a">Thomas, Dorothy Swaine Thomas,</marc:subfield>
               <marc:subfield code="d">1899-</marc:subfield>
            </marc:datafield>
            <marc:datafield tag="245" ind1="1" ind2="4">
               <marc:subfield code="a">The salvage /</marc:subfield>
               <marc:subfield code="c">by Dorothy Swaine Thomas, with the assistance of Charles Kikuchi and James Sakoda.</marc:subfield>
            </marc:datafield>
            <marc:datafield tag="260" ind1="0" ind2=" ">
               <marc:subfield code="a">Berkeley :</marc:subfield>
               <marc:subfield code="b">University of California Press,</marc:subfield>
               <marc:subfield code="c">1952.</marc:subfield>
            </marc:datafield>
            <marc:datafield tag="300" ind1=" " ind2=" ">
               <marc:subfield code="a">xii, 637 p. :</marc:subfield>
               <marc:subfield code="b">graphs ;</marc:subfield>
               <marc:subfield code="c">24 cm.</marc:subfield>
            </marc:datafield>
            <marc:datafield tag="490" ind1="1" ind2=" ">
               <marc:subfield code="a">Japanese American evacuation and resettlement</marc:subfield>
            </marc:datafield>
            <marc:datafield tag="500" ind1=" " ind2=" ">
               <marc:subfield code="a">Includes index.</marc:subfield>
            </marc:datafield>
            <marc:datafield tag="650" ind1=" " ind2="0">
               <marc:subfield code="a">Japanese Americans</marc:subfield>
               <marc:subfield code="x">Evacuation and relocation, 1942-1945</marc:subfield>
            </marc:datafield>
            <marc:datafield tag="700" ind1="1" ind2="0">
               <marc:subfield code="a">Kikuchi, Charles.</marc:subfield>
               <marc:subfield code="e">joint author.</marc:subfield>
            </marc:datafield>
            <marc:datafield tag="700" ind1="1" ind2="0">
               <marc:subfield code="a">Sakoda, James Minoru,</marc:subfield>
               <marc:subfield code="d">1916-</marc:subfield>
               <marc:subfield code="e">joint author.</marc:subfield>
            </marc:datafield>
            <marc:datafield tag="830" ind1=" " ind2="0">
               <marc:subfield code="a">Japanese American evacuation and resettlement during World War II.</marc:subfield>
            </marc:datafield>
            <marc:datafield tag="950" ind1=" " ind2=" ">
               <marc:subfield code="l">VPL</marc:subfield>
               <marc:subfield code="i">07/27/87 C</marc:subfield>
            </marc:datafield>
            <marc:datafield tag="955" ind1=" " ind2=" ">
               <marc:subfield code="l">VPL</marc:subfield>
               <marc:subfield code="c">1</marc:subfield>
               <marc:subfield code="q">76956</marc:subfield>
               <marc:subfield code="r">[00259 8378]</marc:subfield>
               <marc:subfield code="s">Recl. fr. 940.547/T362</marc:subfield>
               <marc:subfield code="i">07/27/87 C</marc:subfield>
            </marc:datafield>
            <marc:datafield tag="955" ind1=" " ind2=" ">
               <marc:subfield code="l">VPL</marc:subfield>
               <marc:subfield code="c">2</marc:subfield>
               <marc:subfield code="q">g. Lippincott</marc:subfield>
               <marc:subfield code="r">[00262 3929]</marc:subfield>
               <marc:subfield code="i">07/27/87 C</marc:subfield>
            </marc:datafield>
         </marc:record>
      </marc>
      <hldgs id="BIB_ID-27462">
         <hldg id="MFHD_ID-34555">
            <MFHD_ID>34555</MFHD_ID>
            <DISPLAY_CALL_NO>D769.8.A6 T45 1952</DISPLAY_CALL_NO>
            <NORMALIZED_CALL_NO>D  7698           A 6   T 45   1952</NORMALIZED_CALL_NO>
            <HOLD_CREATE_DATE>1997-06-12 00:00:00.0</HOLD_CREATE_DATE>
            <LAST_HOLD_UPDATE>1997-06-12 00:00:00.0</LAST_HOLD_UPDATE>
            <CALL_NO_TYPE>0</CALL_NO_TYPE>
            <PERM_LOCATION_DISP>A Van Pelt Library</PERM_LOCATION_DISP>
            <PERM_LOCATION>Van Pelt Library</PERM_LOCATION>
            <items id="MFHD_ID-34555">
               <item id="ITEM_ID-34840">
                  <ITEM_ID>34840</ITEM_ID>
                  <NUM_HOLDS>0</NUM_HOLDS>
                  <itemStatuses id="ITEM_ID-34840">
                     <itemStatus id="STATUS_ID-1">
                        <STATUS_ID>1</STATUS_ID>
                        <STATUS>Not Charged</STATUS>
                     </itemStatus>
                  </itemStatuses>
               </item>
            </items>
         </hldg>
         <hldg id="MFHD_ID-34556">
            <MFHD_ID>34556</MFHD_ID>
            <DISPLAY_CALL_NO>D769.8.A6 T45 1952</DISPLAY_CALL_NO>
            <NORMALIZED_CALL_NO>D  7698           A 6   T 45   1952</NORMALIZED_CALL_NO>
            <HOLD_CREATE_DATE>1997-06-12 00:00:00.0</HOLD_CREATE_DATE>
            <LAST_HOLD_UPDATE>1997-06-12 00:00:00.0</LAST_HOLD_UPDATE>
            <CALL_NO_TYPE>0</CALL_NO_TYPE>
            <PERM_LOCATION_DISP>A Van Pelt Library</PERM_LOCATION_DISP>
            <PERM_LOCATION>Van Pelt Library</PERM_LOCATION>
            <items id="MFHD_ID-34556">
               <item id="ITEM_ID-34841">
                  <ITEM_ID>34841</ITEM_ID>
                  <NUM_HOLDS>0</NUM_HOLDS>
                  <itemStatuses id="ITEM_ID-34841">
                     <itemStatus id="STATUS_ID-1">
                        <STATUS_ID>1</STATUS_ID>
                        <STATUS>Not Charged</STATUS>
                     </itemStatus>
                  </itemStatuses>
               </item>
            </items>
         </hldg>
      </hldgs>
   </record>