
   <record id="BIB_ID-27465">
      <marc id="BIB_ID-27465">
         <marc:record xmlns:marc="http://www.loc.gov/MARC21/slim">
            <marc:controlfield tag="001">27465</marc:controlfield>
            <marc:controlfield tag="003">PU</marc:controlfield>
            <marc:controlfield tag="008">870727s1932    nyu           00010 eng  </marc:controlfield>
            <marc:datafield tag="010" ind1=" " ind2=" ">
               <marc:subfield code="a">   32035201 </marc:subfield>
            </marc:datafield>
            <marc:datafield tag="035" ind1=" " ind2=" ">
               <marc:subfield code="a">(CStRLIN)PAUG87-B30720</marc:subfield>
            </marc:datafield>
            <marc:datafield tag="035" ind1=" " ind2=" ">
               <marc:subfield code="a">(CaOTULAS)185033064</marc:subfield>
            </marc:datafield>
            <marc:datafield tag="035" ind1=" " ind2=" ">
               <marc:subfield code="9">AAD3733</marc:subfield>
            </marc:datafield>
            <marc:datafield tag="040" ind1=" " ind2=" ">
               <marc:subfield code="c">CtY</marc:subfield>
               <marc:subfield code="d">CtY</marc:subfield>
               <marc:subfield code="d">MiU</marc:subfield>
               <marc:subfield code="d">UPB</marc:subfield>
            </marc:datafield>
            <marc:datafield tag="050" ind1="0" ind2=" ">
               <marc:subfield code="a">QA371</marc:subfield>
               <marc:subfield code="b">.R45</marc:subfield>
            </marc:datafield>
            <marc:datafield tag="082" ind1=" " ind2=" ">
               <marc:subfield code="a">517.38</marc:subfield>
            </marc:datafield>
            <marc:datafield tag="090" ind1=" " ind2=" ">
               <marc:subfield code="a">QA1</marc:subfield>
               <marc:subfield code="b">.A5225 v.14</marc:subfield>
               <marc:subfield code="i">07/27/87 CT</marc:subfield>
            </marc:datafield>
            <marc:datafield tag="100" ind1="1" ind2="0">
               <marc:subfield code="a">Ritt, Joseph Fels,</marc:subfield>
               <marc:subfield code="d">1893-1951.</marc:subfield>
            </marc:datafield>
            <marc:datafield tag="245" ind1="0" ind2="0">
               <marc:subfield code="a">Differential equations from the algebraic standpoint /</marc:subfield>
               <marc:subfield code="c">by Joseph Fels Ritt.</marc:subfield>
            </marc:datafield>
            <marc:datafield tag="260" ind1="0" ind2=" ">
               <marc:subfield code="a">New York :</marc:subfield>
               <marc:subfield code="b">American mathematical society,</marc:subfield>
               <marc:subfield code="c">1932.</marc:subfield>
            </marc:datafield>
            <marc:datafield tag="300" ind1=" " ind2=" ">
               <marc:subfield code="a">x, 172 p., 1  . ;</marc:subfield>
               <marc:subfield code="c">24 cm.</marc:subfield>
            </marc:datafield>
            <marc:datafield tag="440" ind1=" " ind2="0">
               <marc:subfield code="a">Colloquium publications (American Mathematical Society)</marc:subfield>
               <marc:subfield code="v">v.14</marc:subfield>
            </marc:datafield>
            <marc:datafield tag="650" ind1=" " ind2="0">
               <marc:subfield code="a">Differential equations</marc:subfield>
            </marc:datafield>
            <marc:datafield tag="950" ind1=" " ind2=" ">
               <marc:subfield code="l">MATHP</marc:subfield>
               <marc:subfield code="i">07/27/87 RL ?101:rse\AACR2\</marc:subfield>
            </marc:datafield>
            <marc:datafield tag="955" ind1=" " ind2=" ">
               <marc:subfield code="l">MATHP</marc:subfield>
               <marc:subfield code="c">1</marc:subfield>
               <marc:subfield code="q">740971</marc:subfield>
               <marc:subfield code="s">recl.fr.510/Am37</marc:subfield>
               <marc:subfield code="i">07/27/87 C</marc:subfield>
            </marc:datafield>
         </marc:record>
      </marc>
      <hldgs id="BIB_ID-27465">
         <hldg id="MFHD_ID-34561">
            <MFHD_ID>34561</MFHD_ID>
            <DISPLAY_CALL_NO>QA1 .A5225 v.14</DISPLAY_CALL_NO>
            <NORMALIZED_CALL_NO>QA    1            A 5225   V .14</NORMALIZED_CALL_NO>
            <HOLD_CREATE_DATE>1997-06-12 00:00:00.0</HOLD_CREATE_DATE>
            <LAST_HOLD_UPDATE>1997-06-12 00:00:00.0</LAST_HOLD_UPDATE>
            <CALL_NO_TYPE>0</CALL_NO_TYPE>
            <PERM_LOCATION_DISP>Math/Phys Library</PERM_LOCATION_DISP>
            <PERM_LOCATION>Math/Physics/Astronomy Library</PERM_LOCATION>
            <items id="MFHD_ID-34561">
               <item id="ITEM_ID-34846">
                  <ITEM_ID>34846</ITEM_ID>
                  <NUM_HOLDS>0</NUM_HOLDS>
                  <itemStatuses id="ITEM_ID-34846">
                     <itemStatus id="STATUS_ID-1">
                        <STATUS_ID>1</STATUS_ID>
                        <STATUS>Not Charged</STATUS>
                     </itemStatus>
                  </itemStatuses>
               </item>
            </items>
         </hldg>
         <hldg id="MFHD_ID-2798664">
            <MFHD_ID>2798664</MFHD_ID>
            <DISPLAY_CALL_NO>517.38 R515</DISPLAY_CALL_NO>
            <NORMALIZED_CALL_NO>517.38 R 515</NORMALIZED_CALL_NO>
            <HOLD_CREATE_DATE>1999-07-15 13:37:47.0</HOLD_CREATE_DATE>
            <LAST_HOLD_UPDATE>2004-08-25 10:58:53.0</LAST_HOLD_UPDATE>
            <CALL_NO_TYPE>1</CALL_NO_TYPE>
            <PERM_LOCATION_DISP>Storage</PERM_LOCATION_DISP>
            <PERM_LOCATION>LIBRA: From RECORD page, use Place Request tab</PERM_LOCATION>
            <items id="MFHD_ID-2798664">
               <item id="ITEM_ID-3055042">
                  <ITEM_ID>3055042</ITEM_ID>
                  <ITEM_CREATE_DATE>2003-08-13 09:54:30.0</ITEM_CREATE_DATE>
                  <NUM_HOLDS>0</NUM_HOLDS>
                  <itemStatuses id="ITEM_ID-3055042">
                     <itemStatus id="STATUS_ID-1">
                        <STATUS_ID>1</STATUS_ID>
                        <STATUS>Not Charged</STATUS>
                     </itemStatus>
                  </itemStatuses>
               </item>
            </items>
         </hldg>
      </hldgs>
   </record>