
   <record id="BIB_ID-27467">
      <marc id="BIB_ID-27467">
         <marc:record xmlns:marc="http://www.loc.gov/MARC21/slim">
            <marc:controlfield tag="001">27467</marc:controlfield>
            <marc:controlfield tag="005">20100119092610.0</marc:controlfield>
            <marc:controlfield tag="008">870727s1959    nyua     b    00000 eng c</marc:controlfield>
            <marc:datafield tag="010" ind1=" " ind2=" ">
               <marc:subfield code="a">a  61000607//r </marc:subfield>
            </marc:datafield>
            <marc:datafield tag="035" ind1=" " ind2=" ">
               <marc:subfield code="a">(CStRLIN)PAUG87-B30722</marc:subfield>
            </marc:datafield>
            <marc:datafield tag="035" ind1=" " ind2=" ">
               <marc:subfield code="a">(CaOTULAS)185033081</marc:subfield>
            </marc:datafield>
            <marc:datafield tag="035" ind1=" " ind2=" ">
               <marc:subfield code="9">AAD3735</marc:subfield>
            </marc:datafield>
            <marc:datafield tag="040" ind1=" " ind2=" ">
               <marc:subfield code="a">Michigan. Univ. Libr.</marc:subfield>
               <marc:subfield code="c">GU</marc:subfield>
               <marc:subfield code="d">NIC</marc:subfield>
               <marc:subfield code="d">CStRLIN</marc:subfield>
               <marc:subfield code="d">MiU</marc:subfield>
               <marc:subfield code="d">UPB</marc:subfield>
            </marc:datafield>
            <marc:datafield tag="050" ind1="0" ind2=" ">
               <marc:subfield code="a">QA1</marc:subfield>
               <marc:subfield code="b">.A5225 vol. 23, 1959</marc:subfield>
            </marc:datafield>
            <marc:datafield tag="090" ind1=" " ind2=" ">
               <marc:subfield code="a">QA1</marc:subfield>
               <marc:subfield code="b">.A5225 v.23 1959</marc:subfield>
               <marc:subfield code="i">07/27/87 CT</marc:subfield>
            </marc:datafield>
            <marc:datafield tag="100" ind1="1" ind2="0">
               <marc:subfield code="a">Szegő, Gábor,</marc:subfield>
               <marc:subfield code="d">1895-1985</marc:subfield>
            </marc:datafield>
            <marc:datafield tag="245" ind1="1" ind2="0">
               <marc:subfield code="a">Orthogonal polynomials.</marc:subfield>
            </marc:datafield>
            <marc:datafield tag="250" ind1=" " ind2=" ">
               <marc:subfield code="a">Rev. ed.</marc:subfield>
            </marc:datafield>
            <marc:datafield tag="260" ind1="0" ind2=" ">
               <marc:subfield code="a">New York :</marc:subfield>
               <marc:subfield code="b">American Mathematical Society,</marc:subfield>
               <marc:subfield code="c">1959.</marc:subfield>
            </marc:datafield>
            <marc:datafield tag="300" ind1=" " ind2=" ">
               <marc:subfield code="a">viii, 421 p. :</marc:subfield>
               <marc:subfield code="b">diagrs. ;</marc:subfield>
               <marc:subfield code="c">26 cm.</marc:subfield>
            </marc:datafield>
            <marc:datafield tag="440" ind1=" " ind2="0">
               <marc:subfield code="a">Colloquium publications (American Mathematical Society)</marc:subfield>
               <marc:subfield code="v">v.23</marc:subfield>
            </marc:datafield>
            <marc:datafield tag="504" ind1=" " ind2=" ">
               <marc:subfield code="a">Bibliography: p. 396-413.</marc:subfield>
            </marc:datafield>
            <marc:datafield tag="650" ind1=" " ind2="0">
               <marc:subfield code="a">Functions, Orthogonal</marc:subfield>
            </marc:datafield>
            <marc:datafield tag="650" ind1=" " ind2="0">
               <marc:subfield code="a">Orthogonal polynomials</marc:subfield>
            </marc:datafield>
            <marc:datafield tag="950" ind1=" " ind2=" ">
               <marc:subfield code="l">MATHP</marc:subfield>
               <marc:subfield code="i">07/27/87 RL ?101:rse\AACR2\</marc:subfield>
            </marc:datafield>
            <marc:datafield tag="955" ind1=" " ind2=" ">
               <marc:subfield code="l">MATHP</marc:subfield>
               <marc:subfield code="c">1</marc:subfield>
               <marc:subfield code="q">cont Math</marc:subfield>
               <marc:subfield code="s">recl.fr.510/Am37</marc:subfield>
               <marc:subfield code="i">07/27/87 C</marc:subfield>
            </marc:datafield>
         </marc:record>
      </marc>
      <hldgs id="BIB_ID-27467">
         <hldg id="MFHD_ID-34563">
            <MFHD_ID>34563</MFHD_ID>
            <DISPLAY_CALL_NO>QA1 .A5225 v.23 1959</DISPLAY_CALL_NO>
            <NORMALIZED_CALL_NO>QA    1            A 5225   V .23   1959</NORMALIZED_CALL_NO>
            <HOLD_CREATE_DATE>1997-06-12 00:00:00.0</HOLD_CREATE_DATE>
            <LAST_HOLD_UPDATE>1997-06-12 00:00:00.0</LAST_HOLD_UPDATE>
            <CALL_NO_TYPE>0</CALL_NO_TYPE>
            <PERM_LOCATION_DISP>Math/Phys Library</PERM_LOCATION_DISP>
            <PERM_LOCATION>Math/Physics/Astronomy Library</PERM_LOCATION>
            <items id="MFHD_ID-34563">
               <item id="ITEM_ID-34848">
                  <ITEM_ID>34848</ITEM_ID>
                  <NUM_HOLDS>0</NUM_HOLDS>
                  <itemStatuses id="ITEM_ID-34848">
                     <itemStatus id="STATUS_ID-1">
                        <STATUS_ID>1</STATUS_ID>
                        <STATUS>Not Charged</STATUS>
                     </itemStatus>
                  </itemStatuses>
               </item>
            </items>
         </hldg>
      </hldgs>
   </record>