
   <record id="BIB_ID-27468">
      <marc id="BIB_ID-27468">
         <marc:record xmlns:marc="http://www.loc.gov/MARC21/slim">
            <marc:controlfield tag="001">27468</marc:controlfield>
            <marc:controlfield tag="003">PU</marc:controlfield>
            <marc:controlfield tag="008">870727s1980    it af    b    00110 ita  </marc:controlfield>
            <marc:datafield tag="010" ind1=" " ind2=" ">
               <marc:subfield code="a">   81466709 </marc:subfield>
            </marc:datafield>
            <marc:datafield tag="015" ind1=" " ind2=" ">
               <marc:subfield code="a">It80-June</marc:subfield>
            </marc:datafield>
            <marc:datafield tag="020" ind1=" " ind2=" ">
               <marc:subfield code="c">L6000</marc:subfield>
            </marc:datafield>
            <marc:datafield tag="035" ind1=" " ind2=" ">
               <marc:subfield code="a">(CStRLIN)PAUG87-B30723</marc:subfield>
            </marc:datafield>
            <marc:datafield tag="035" ind1=" " ind2=" ">
               <marc:subfield code="a">(CaOTULAS)185033087</marc:subfield>
            </marc:datafield>
            <marc:datafield tag="035" ind1=" " ind2=" ">
               <marc:subfield code="9">AAD3736</marc:subfield>
            </marc:datafield>
            <marc:datafield tag="040" ind1=" " ind2=" ">
               <marc:subfield code="a">DGPO/DLC</marc:subfield>
            </marc:datafield>
            <marc:datafield tag="043" ind1=" " ind2=" ">
               <marc:subfield code="a">e------</marc:subfield>
               <marc:subfield code="a">aw-----</marc:subfield>
               <marc:subfield code="a">ff-----</marc:subfield>
            </marc:datafield>
            <marc:datafield tag="050" ind1="0" ind2=" ">
               <marc:subfield code="a">NB115</marc:subfield>
               <marc:subfield code="b">.B64</marc:subfield>
            </marc:datafield>
            <marc:datafield tag="082" ind1="0" ind2=" ">
               <marc:subfield code="a">733/.5</marc:subfield>
               <marc:subfield code="2">19</marc:subfield>
            </marc:datafield>
            <marc:datafield tag="090" ind1=" " ind2=" ">
               <marc:subfield code="a">NB115</marc:subfield>
               <marc:subfield code="b">.B64</marc:subfield>
               <marc:subfield code="i">07/27/87 CTZ</marc:subfield>
            </marc:datafield>
            <marc:datafield tag="100" ind1="1" ind2="0">
               <marc:subfield code="a">Bonacasa, Nicola.</marc:subfield>
            </marc:datafield>
            <marc:datafield tag="245" ind1="1" ind2="0">
               <marc:subfield code="a">Arte romana :</marc:subfield>
               <marc:subfield code="b">scultura /</marc:subfield>
               <marc:subfield code="c">di N. Bonacasa.</marc:subfield>
            </marc:datafield>
            <marc:datafield tag="260" ind1="0" ind2=" ">
               <marc:subfield code="a">Roma :</marc:subfield>
               <marc:subfield code="b">Jouvence,</marc:subfield>
               <marc:subfield code="c">1980.</marc:subfield>
            </marc:datafield>
            <marc:datafield tag="300" ind1=" " ind2=" ">
               <marc:subfield code="a">99 p., [30] leaves of plates :</marc:subfield>
               <marc:subfield code="b">ill. ;</marc:subfield>
               <marc:subfield code="c">18 cm.</marc:subfield>
            </marc:datafield>
            <marc:datafield tag="440" ind1=" " ind2="0">
               <marc:subfield code="a">Guide allo studio della civiltà romana.</marc:subfield>
               <marc:subfield code="v">VII, 2</marc:subfield>
            </marc:datafield>
            <marc:datafield tag="490" ind1="0" ind2=" ">
               <marc:subfield code="a">Guide ;</marc:subfield>
               <marc:subfield code="v">7</marc:subfield>
            </marc:datafield>
            <marc:datafield tag="500" ind1=" " ind2=" ">
               <marc:subfield code="a">Includes index.</marc:subfield>
            </marc:datafield>
            <marc:datafield tag="504" ind1=" " ind2=" ">
               <marc:subfield code="a">Bibliography: p. 79-88.</marc:subfield>
            </marc:datafield>
            <marc:datafield tag="650" ind1=" " ind2="0">
               <marc:subfield code="a">Sculpture, Roman</marc:subfield>
            </marc:datafield>
            <marc:datafield tag="950" ind1=" " ind2=" ">
               <marc:subfield code="l">FAL</marc:subfield>
               <marc:subfield code="i">07/27/87 C</marc:subfield>
            </marc:datafield>
            <marc:datafield tag="955" ind1=" " ind2=" ">
               <marc:subfield code="l">FAL</marc:subfield>
               <marc:subfield code="c">1</marc:subfield>
               <marc:subfield code="q">C62051</marc:subfield>
               <marc:subfield code="r">[00938 7270]</marc:subfield>
               <marc:subfield code="i">07/27/87 C</marc:subfield>
            </marc:datafield>
         </marc:record>
      </marc>
      <hldgs id="BIB_ID-27468">
         <hldg id="MFHD_ID-34564">
            <MFHD_ID>34564</MFHD_ID>
            <DISPLAY_CALL_NO>NB115 .B64</DISPLAY_CALL_NO>
            <NORMALIZED_CALL_NO>NB  115            B 64</NORMALIZED_CALL_NO>
            <HOLD_CREATE_DATE>1997-06-12 00:00:00.0</HOLD_CREATE_DATE>
            <LAST_HOLD_UPDATE>1997-06-12 00:00:00.0</LAST_HOLD_UPDATE>
            <CALL_NO_TYPE>0</CALL_NO_TYPE>
            <PERM_LOCATION_DISP>Fisher Fine Arts Library</PERM_LOCATION_DISP>
            <PERM_LOCATION>Fine Arts Library</PERM_LOCATION>
            <items id="MFHD_ID-34564">
               <item id="ITEM_ID-34849">
                  <ITEM_ID>34849</ITEM_ID>
                  <ITEM_ENUM>NB/115/B64</ITEM_ENUM>
                  <NUM_HOLDS>0</NUM_HOLDS>
                  <itemStatuses id="ITEM_ID-34849">
                     <itemStatus id="STATUS_ID-1">
                        <STATUS_ID>1</STATUS_ID>
                        <STATUS>Not Charged</STATUS>
                     </itemStatus>
                  </itemStatuses>
               </item>
            </items>
         </hldg>
      </hldgs>
   </record>