
   <record id="BIB_ID-27470">
      <marc id="BIB_ID-27470">
         <marc:record xmlns:marc="http://www.loc.gov/MARC21/slim">
            <marc:controlfield tag="001">27470</marc:controlfield>
            <marc:controlfield tag="003">PU</marc:controlfield>
            <marc:controlfield tag="008">870727m19361937enk           00000aeng d</marc:controlfield>
            <marc:datafield tag="035" ind1=" " ind2=" ">
               <marc:subfield code="a">(CStRLIN)PAUG87-B30725</marc:subfield>
            </marc:datafield>
            <marc:datafield tag="035" ind1=" " ind2=" ">
               <marc:subfield code="a">(CaOTULAS)185033102</marc:subfield>
            </marc:datafield>
            <marc:datafield tag="035" ind1=" " ind2=" ">
               <marc:subfield code="9">AAD3738</marc:subfield>
            </marc:datafield>
            <marc:datafield tag="040" ind1=" " ind2=" ">
               <marc:subfield code="a">PU</marc:subfield>
               <marc:subfield code="c">PU</marc:subfield>
            </marc:datafield>
            <marc:datafield tag="090" ind1=" " ind2=" ">
               <marc:subfield code="a">CT25</marc:subfield>
               <marc:subfield code="b">.B3</marc:subfield>
               <marc:subfield code="i">07/27/87 CTZ</marc:subfield>
            </marc:datafield>
            <marc:datafield tag="100" ind1="1" ind2="0">
               <marc:subfield code="a">Bates, Ernest Stuart,</marc:subfield>
               <marc:subfield code="d">1876-</marc:subfield>
            </marc:datafield>
            <marc:datafield tag="245" ind1="1" ind2="0">
               <marc:subfield code="a">Inside out,</marc:subfield>
               <marc:subfield code="b">an introduction to autobiography,</marc:subfield>
               <marc:subfield code="c">by E. Stuart Bates.</marc:subfield>
            </marc:datafield>
            <marc:datafield tag="260" ind1="0" ind2=" ">
               <marc:subfield code="a">Oxford,</marc:subfield>
               <marc:subfield code="b">B. Blackwell,</marc:subfield>
               <marc:subfield code="c">1936-37.</marc:subfield>
            </marc:datafield>
            <marc:datafield tag="300" ind1=" " ind2=" ">
               <marc:subfield code="a">2 v. ;</marc:subfield>
               <marc:subfield code="c">24 cm.</marc:subfield>
            </marc:datafield>
            <marc:datafield tag="504" ind1=" " ind2=" ">
               <marc:subfield code="a">Includes  bibliographies.</marc:subfield>
            </marc:datafield>
            <marc:datafield tag="650" ind1=" " ind2="0">
               <marc:subfield code="a">Autobiography</marc:subfield>
            </marc:datafield>
            <marc:datafield tag="950" ind1=" " ind2=" ">
               <marc:subfield code="l">VPL</marc:subfield>
               <marc:subfield code="v">v.1-2</marc:subfield>
               <marc:subfield code="n">#5</marc:subfield>
               <marc:subfield code="i">07/27/87 C</marc:subfield>
            </marc:datafield>
            <marc:datafield tag="955" ind1=" " ind2=" ">
               <marc:subfield code="l">VPL</marc:subfield>
               <marc:subfield code="c">1:v.1</marc:subfield>
               <marc:subfield code="q">804701</marc:subfield>
               <marc:subfield code="r">[00121 4464]</marc:subfield>
               <marc:subfield code="s">Recl. fr. 920/B313</marc:subfield>
               <marc:subfield code="i">07/27/87 C</marc:subfield>
            </marc:datafield>
            <marc:datafield tag="955" ind1=" " ind2=" ">
               <marc:subfield code="l">VPL</marc:subfield>
               <marc:subfield code="c">1:v.2</marc:subfield>
               <marc:subfield code="q">804702</marc:subfield>
               <marc:subfield code="r">[00059 3538]</marc:subfield>
               <marc:subfield code="i">07/27/87 C</marc:subfield>
            </marc:datafield>
         </marc:record>
      </marc>
      <hldgs id="BIB_ID-27470">
         <hldg id="MFHD_ID-34566">
            <MFHD_ID>34566</MFHD_ID>
            <DISPLAY_CALL_NO>CT25 .B3</DISPLAY_CALL_NO>
            <NORMALIZED_CALL_NO>CT   25            B 3</NORMALIZED_CALL_NO>
            <HOLD_CREATE_DATE>1997-06-12 00:00:00.0</HOLD_CREATE_DATE>
            <LAST_HOLD_UPDATE>1997-06-12 00:00:00.0</LAST_HOLD_UPDATE>
            <CALL_NO_TYPE>0</CALL_NO_TYPE>
            <PERM_LOCATION_DISP>A Van Pelt Library</PERM_LOCATION_DISP>
            <PERM_LOCATION>Van Pelt Library</PERM_LOCATION>
            <items id="MFHD_ID-34566">
               <item id="ITEM_ID-34850">
                  <ITEM_ID>34850</ITEM_ID>
                  <ITEM_ENUM>CT/25/B3/v.1</ITEM_ENUM>
                  <NUM_HOLDS>0</NUM_HOLDS>
                  <itemStatuses id="ITEM_ID-34850">
                     <itemStatus id="STATUS_ID-1">
                        <STATUS_ID>1</STATUS_ID>
                        <STATUS>Not Charged</STATUS>
                     </itemStatus>
                  </itemStatuses>
               </item>
               <item id="ITEM_ID-34851">
                  <ITEM_ID>34851</ITEM_ID>
                  <ITEM_ENUM>CT/25/B3/v.2</ITEM_ENUM>
                  <NUM_HOLDS>0</NUM_HOLDS>
                  <itemStatuses id="ITEM_ID-34851">
                     <itemStatus id="STATUS_ID-1">
                        <STATUS_ID>1</STATUS_ID>
                        <STATUS>Not Charged</STATUS>
                     </itemStatus>
                  </itemStatuses>
               </item>
            </items>
         </hldg>
      </hldgs>
   </record>