
   <record id="BIB_ID-27472">
      <marc id="BIB_ID-27472">
         <marc:record xmlns:marc="http://www.loc.gov/MARC21/slim">
            <marc:controlfield tag="001">27472</marc:controlfield>
            <marc:controlfield tag="005">20070508114534.0</marc:controlfield>
            <marc:controlfield tag="008">870727s1967    riua     b    00000 eng  </marc:controlfield>
            <marc:datafield tag="010" ind1=" " ind2=" ">
               <marc:subfield code="a">   66023707//r84 </marc:subfield>
            </marc:datafield>
            <marc:datafield tag="035" ind1=" " ind2=" ">
               <marc:subfield code="a">(CStRLIN)PAUG87-B30727</marc:subfield>
            </marc:datafield>
            <marc:datafield tag="035" ind1=" " ind2=" ">
               <marc:subfield code="a">(CaOTULAS)185033113</marc:subfield>
            </marc:datafield>
            <marc:datafield tag="035" ind1=" " ind2=" ">
               <marc:subfield code="9">AAD3740</marc:subfield>
            </marc:datafield>
            <marc:datafield tag="050" ind1="0" ind2=" ">
               <marc:subfield code="a">QA1</marc:subfield>
               <marc:subfield code="b">.A5225 vol. 25 1967</marc:subfield>
            </marc:datafield>
            <marc:datafield tag="051" ind1=" " ind2=" ">
               <marc:subfield code="a">QA171.5</marc:subfield>
               <marc:subfield code="b">.B5 1967</marc:subfield>
               <marc:subfield code="c">Copy 2.</marc:subfield>
            </marc:datafield>
            <marc:datafield tag="082" ind1=" " ind2=" ">
               <marc:subfield code="a">512/.865</marc:subfield>
            </marc:datafield>
            <marc:datafield tag="090" ind1=" " ind2=" ">
               <marc:subfield code="a">QA1</marc:subfield>
               <marc:subfield code="b">.A5225 v.25 1967</marc:subfield>
               <marc:subfield code="i">07/27/87 CT</marc:subfield>
            </marc:datafield>
            <marc:datafield tag="100" ind1="1" ind2="0">
               <marc:subfield code="a">Birkhoff, Garrett,</marc:subfield>
               <marc:subfield code="d">1911-1996.</marc:subfield>
            </marc:datafield>
            <marc:datafield tag="245" ind1="0" ind2="0">
               <marc:subfield code="a">Lattice theory.</marc:subfield>
            </marc:datafield>
            <marc:datafield tag="250" ind1=" " ind2=" ">
               <marc:subfield code="a">[3d. ed.]</marc:subfield>
            </marc:datafield>
            <marc:datafield tag="260" ind1="0" ind2=" ">
               <marc:subfield code="a">Providence,</marc:subfield>
               <marc:subfield code="b">American Mathematical Society</marc:subfield>
               <marc:subfield code="c">[1967]</marc:subfield>
            </marc:datafield>
            <marc:datafield tag="300" ind1=" " ind2=" ">
               <marc:subfield code="a">vi, 418 p.</marc:subfield>
               <marc:subfield code="b">illus.</marc:subfield>
               <marc:subfield code="c">26 cm.</marc:subfield>
            </marc:datafield>
            <marc:datafield tag="490" ind1="1" ind2=" ">
               <marc:subfield code="a">American Mathematical Society. Colloquium publications,</marc:subfield>
               <marc:subfield code="v">v. 25</marc:subfield>
            </marc:datafield>
            <marc:datafield tag="504" ind1=" " ind2=" ">
               <marc:subfield code="a">Includes bibliographical references.</marc:subfield>
            </marc:datafield>
            <marc:datafield tag="650" ind1=" " ind2="0">
               <marc:subfield code="a">Lattice theory</marc:subfield>
            </marc:datafield>
            <marc:datafield tag="830" ind1=" " ind2="0">
               <marc:subfield code="a">Colloquium publications (American Mathematical Society)</marc:subfield>
               <marc:subfield code="v">v. 25.</marc:subfield>
            </marc:datafield>
            <marc:datafield tag="950" ind1=" " ind2=" ">
               <marc:subfield code="l">VPL</marc:subfield>
               <marc:subfield code="e">100,101\\OTHER\COPIES\MathPhys\</marc:subfield>
               <marc:subfield code="i">07/27/87 N ?101:rse\AACR2\ ?102:rsl</marc:subfield>
            </marc:datafield>
            <marc:datafield tag="950" ind1=" " ind2=" ">
               <marc:subfield code="l">MATHP</marc:subfield>
               <marc:subfield code="i">07/27/87 RL</marc:subfield>
            </marc:datafield>
            <marc:datafield tag="955" ind1=" " ind2=" ">
               <marc:subfield code="l">VPL</marc:subfield>
               <marc:subfield code="c">1</marc:subfield>
               <marc:subfield code="q">B31805</marc:subfield>
               <marc:subfield code="i">07/27/87 C</marc:subfield>
            </marc:datafield>
            <marc:datafield tag="955" ind1=" " ind2=" ">
               <marc:subfield code="l">MATHP</marc:subfield>
               <marc:subfield code="c">1</marc:subfield>
               <marc:subfield code="q">ser BAMP</marc:subfield>
               <marc:subfield code="s">recl.fr.510/Am37</marc:subfield>
               <marc:subfield code="i">07/27/87 C</marc:subfield>
            </marc:datafield>
         </marc:record>
      </marc>
      <hldgs id="BIB_ID-27472">
         <hldg id="MFHD_ID-34568">
            <MFHD_ID>34568</MFHD_ID>
            <DISPLAY_CALL_NO>QA1 .A5225 v.25 1967</DISPLAY_CALL_NO>
            <NORMALIZED_CALL_NO>QA    1            A 5225   V .25   1967</NORMALIZED_CALL_NO>
            <HOLD_CREATE_DATE>1997-06-12 00:00:00.0</HOLD_CREATE_DATE>
            <LAST_HOLD_UPDATE>1997-06-12 00:00:00.0</LAST_HOLD_UPDATE>
            <CALL_NO_TYPE>0</CALL_NO_TYPE>
            <PERM_LOCATION_DISP>A Van Pelt Library</PERM_LOCATION_DISP>
            <PERM_LOCATION>Van Pelt Library</PERM_LOCATION>
            <items id="MFHD_ID-34568">
               <item id="ITEM_ID-34852">
                  <ITEM_ID>34852</ITEM_ID>
                  <NUM_HOLDS>0</NUM_HOLDS>
                  <itemStatuses id="ITEM_ID-34852">
                     <itemStatus id="STATUS_ID-1">
                        <STATUS_ID>1</STATUS_ID>
                        <STATUS>Not Charged</STATUS>
                     </itemStatus>
                  </itemStatuses>
               </item>
            </items>
         </hldg>
         <hldg id="MFHD_ID-34569">
            <MFHD_ID>34569</MFHD_ID>
            <DISPLAY_CALL_NO>QA1 .A5225 v.25 1967</DISPLAY_CALL_NO>
            <NORMALIZED_CALL_NO>QA    1            A 5225   V .25   1967</NORMALIZED_CALL_NO>
            <HOLD_CREATE_DATE>1997-06-12 00:00:00.0</HOLD_CREATE_DATE>
            <LAST_HOLD_UPDATE>1997-06-12 00:00:00.0</LAST_HOLD_UPDATE>
            <CALL_NO_TYPE>0</CALL_NO_TYPE>
            <PERM_LOCATION_DISP>Math/Phys Library</PERM_LOCATION_DISP>
            <PERM_LOCATION>Math/Physics/Astronomy Library</PERM_LOCATION>
            <items id="MFHD_ID-34569">
               <item id="ITEM_ID-34853">
                  <ITEM_ID>34853</ITEM_ID>
                  <NUM_HOLDS>0</NUM_HOLDS>
                  <itemStatuses id="ITEM_ID-34853">
                     <itemStatus id="STATUS_ID-1">
                        <STATUS_ID>1</STATUS_ID>
                        <STATUS>Not Charged</STATUS>
                     </itemStatus>
                  </itemStatuses>
               </item>
            </items>
         </hldg>
         <hldg id="MFHD_ID-34570">
            <MFHD_ID>34570</MFHD_ID>
            <DISPLAY_CALL_NO>QA1 .A5225 v.25 1967</DISPLAY_CALL_NO>
            <NORMALIZED_CALL_NO>QA    1            A 5225   V .25   1967</NORMALIZED_CALL_NO>
            <HOLD_CREATE_DATE>1997-06-12 00:00:00.0</HOLD_CREATE_DATE>
            <LAST_HOLD_UPDATE>1997-06-12 00:00:00.0</LAST_HOLD_UPDATE>
            <CALL_NO_TYPE>0</CALL_NO_TYPE>
            <PERM_LOCATION_DISP>Math/Phys Library</PERM_LOCATION_DISP>
            <PERM_LOCATION>Math/Physics/Astronomy Library</PERM_LOCATION>
         </hldg>
      </hldgs>
   </record>