
   <record id="BIB_ID-27473">
      <marc id="BIB_ID-27473">
         <marc:record xmlns:marc="http://www.loc.gov/MARC21/slim">
            <marc:controlfield tag="001">27473</marc:controlfield>
            <marc:controlfield tag="003">PU</marc:controlfield>
            <marc:controlfield tag="008">870727s1940    nyua          00010 eng  </marc:controlfield>
            <marc:datafield tag="010" ind1=" " ind2=" ">
               <marc:subfield code="a">   41006147 </marc:subfield>
            </marc:datafield>
            <marc:datafield tag="035" ind1=" " ind2=" ">
               <marc:subfield code="a">(CStRLIN)PAUG87-B30728</marc:subfield>
            </marc:datafield>
            <marc:datafield tag="035" ind1=" " ind2=" ">
               <marc:subfield code="a">(CaOTULAS)185033124</marc:subfield>
            </marc:datafield>
            <marc:datafield tag="035" ind1=" " ind2=" ">
               <marc:subfield code="9">AAD3741</marc:subfield>
            </marc:datafield>
            <marc:datafield tag="040" ind1=" " ind2=" ">
               <marc:subfield code="a">DLC</marc:subfield>
               <marc:subfield code="c">OYU</marc:subfield>
               <marc:subfield code="d">MiU</marc:subfield>
               <marc:subfield code="d">UPB</marc:subfield>
            </marc:datafield>
            <marc:datafield tag="050" ind1="0" ind2=" ">
               <marc:subfield code="a">QA404</marc:subfield>
               <marc:subfield code="b">.L58</marc:subfield>
            </marc:datafield>
            <marc:datafield tag="051" ind1=" " ind2=" ">
               <marc:subfield code="a">QA1</marc:subfield>
               <marc:subfield code="b">.A5225 vol. 26</marc:subfield>
               <marc:subfield code="c">Copy 2.</marc:subfield>
            </marc:datafield>
            <marc:datafield tag="082" ind1=" " ind2=" ">
               <marc:subfield code="a">517.35</marc:subfield>
            </marc:datafield>
            <marc:datafield tag="090" ind1=" " ind2=" ">
               <marc:subfield code="a">QA1</marc:subfield>
               <marc:subfield code="b">.A5225 v.26</marc:subfield>
               <marc:subfield code="i">07/27/87 CT</marc:subfield>
            </marc:datafield>
            <marc:datafield tag="100" ind1="1" ind2="0">
               <marc:subfield code="a">Levinson, Norman,</marc:subfield>
               <marc:subfield code="d">1912-</marc:subfield>
            </marc:datafield>
            <marc:datafield tag="245" ind1="1" ind2="0">
               <marc:subfield code="a">Gap and density theorems /</marc:subfield>
               <marc:subfield code="c">by Norman Levinson.</marc:subfield>
            </marc:datafield>
            <marc:datafield tag="260" ind1="0" ind2=" ">
               <marc:subfield code="a">New York city :</marc:subfield>
               <marc:subfield code="b">American Mathematical scoety,</marc:subfield>
               <marc:subfield code="c">1940.</marc:subfield>
            </marc:datafield>
            <marc:datafield tag="300" ind1=" " ind2=" ">
               <marc:subfield code="a">viii, 246 p. :</marc:subfield>
               <marc:subfield code="b">diagrs. ;</marc:subfield>
               <marc:subfield code="c">26 cm.</marc:subfield>
            </marc:datafield>
            <marc:datafield tag="440" ind1=" " ind2="0">
               <marc:subfield code="a">Colloquium publications (American Mathematical Society)</marc:subfield>
               <marc:subfield code="v">v.26</marc:subfield>
            </marc:datafield>
            <marc:datafield tag="500" ind1=" " ind2=" ">
               <marc:subfield code="a">"In many respects a companion volume" to Paley, R. E. A. C., and Wiener, N.: Fourier transforms in the complex domain, 1934 (American mathematical society Colloquium publications, vol. XIX)</marc:subfield>
            </marc:datafield>
            <marc:datafield tag="650" ind1=" " ind2="0">
               <marc:subfield code="a">Fourier series</marc:subfield>
            </marc:datafield>
            <marc:datafield tag="650" ind1=" " ind2="0">
               <marc:subfield code="a">Functions, Exponential</marc:subfield>
            </marc:datafield>
            <marc:datafield tag="650" ind1=" " ind2="0">
               <marc:subfield code="a">Harmonic analysis</marc:subfield>
            </marc:datafield>
            <marc:datafield tag="650" ind1=" " ind2="0">
               <marc:subfield code="a">Integral equations</marc:subfield>
            </marc:datafield>
            <marc:datafield tag="650" ind1=" " ind2="0">
               <marc:subfield code="a">Functions of complex variables</marc:subfield>
            </marc:datafield>
            <marc:datafield tag="950" ind1=" " ind2=" ">
               <marc:subfield code="l">MATHP</marc:subfield>
               <marc:subfield code="i">07/27/87 RL ?101:rse\AACR2\</marc:subfield>
            </marc:datafield>
            <marc:datafield tag="955" ind1=" " ind2=" ">
               <marc:subfield code="l">MATHP</marc:subfield>
               <marc:subfield code="c">1</marc:subfield>
               <marc:subfield code="q">ser BA Math</marc:subfield>
               <marc:subfield code="s">recl.fr.510/Am37</marc:subfield>
               <marc:subfield code="i">07/27/87 C</marc:subfield>
            </marc:datafield>
         </marc:record>
      </marc>
      <hldgs id="BIB_ID-27473">
         <hldg id="MFHD_ID-34571">
            <MFHD_ID>34571</MFHD_ID>
            <DISPLAY_CALL_NO>QA1 .A5225 v.26</DISPLAY_CALL_NO>
            <NORMALIZED_CALL_NO>QA    1            A 5225   V .26</NORMALIZED_CALL_NO>
            <HOLD_CREATE_DATE>1997-06-12 00:00:00.0</HOLD_CREATE_DATE>
            <LAST_HOLD_UPDATE>1997-06-12 00:00:00.0</LAST_HOLD_UPDATE>
            <CALL_NO_TYPE>0</CALL_NO_TYPE>
            <PERM_LOCATION_DISP>Math/Phys Library</PERM_LOCATION_DISP>
            <PERM_LOCATION>Math/Physics/Astronomy Library</PERM_LOCATION>
            <items id="MFHD_ID-34571">
               <item id="ITEM_ID-34854">
                  <ITEM_ID>34854</ITEM_ID>
                  <NUM_HOLDS>0</NUM_HOLDS>
                  <itemStatuses id="ITEM_ID-34854">
                     <itemStatus id="STATUS_ID-3">
                        <STATUS_ID>3</STATUS_ID>
                        <STATUS>Renewed</STATUS>
                     </itemStatus>
                  </itemStatuses>
               </item>
            </items>
         </hldg>
      </hldgs>
   </record>