
   <record id="BIB_ID-27475">
      <marc id="BIB_ID-27475">
         <marc:record xmlns:marc="http://www.loc.gov/MARC21/slim">
            <marc:controlfield tag="001">27475</marc:controlfield>
            <marc:controlfield tag="003">PU</marc:controlfield>
            <marc:controlfield tag="008">870727m18621865fr ac         00010 fre  </marc:controlfield>
            <marc:datafield tag="010" ind1=" " ind2=" ">
               <marc:subfield code="a">   04021523 </marc:subfield>
            </marc:datafield>
            <marc:datafield tag="035" ind1=" " ind2=" ">
               <marc:subfield code="a">(CStRLIN)PAUG87-B30730</marc:subfield>
            </marc:datafield>
            <marc:datafield tag="035" ind1=" " ind2=" ">
               <marc:subfield code="a">(CaOTULAS)185033144</marc:subfield>
            </marc:datafield>
            <marc:datafield tag="035" ind1=" " ind2=" ">
               <marc:subfield code="9">AAD3743</marc:subfield>
            </marc:datafield>
            <marc:datafield tag="040" ind1=" " ind2=" ">
               <marc:subfield code="c">UPB</marc:subfield>
               <marc:subfield code="d">UPB</marc:subfield>
            </marc:datafield>
            <marc:datafield tag="043" ind1=" " ind2=" ">
               <marc:subfield code="a">e-fr---</marc:subfield>
            </marc:datafield>
            <marc:datafield tag="050" ind1="0" ind2=" ">
               <marc:subfield code="a">DC148</marc:subfield>
               <marc:subfield code="b">.J33</marc:subfield>
            </marc:datafield>
            <marc:datafield tag="090" ind1=" " ind2=" ">
               <marc:subfield code="a">DC148</marc:subfield>
               <marc:subfield code="b">.J33</marc:subfield>
               <marc:subfield code="i">07/27/87 CT</marc:subfield>
            </marc:datafield>
            <marc:datafield tag="100" ind1="1" ind2="0">
               <marc:subfield code="a">Janin, Jules Gabriel,</marc:subfield>
               <marc:subfield code="d">1804-1874.</marc:subfield>
            </marc:datafield>
            <marc:datafield tag="245" ind1="0" ind2="3">
               <marc:subfield code="a">La révolution française,</marc:subfield>
               <marc:subfield code="c">par m. Jules Janin.  Ouvrage dirigé et publié par m. J. G. D. Armengaud ...</marc:subfield>
            </marc:datafield>
            <marc:datafield tag="260" ind1="0" ind2=" ">
               <marc:subfield code="a">Paris,</marc:subfield>
               <marc:subfield code="b">Impr. de C. Lahure et cie,</marc:subfield>
               <marc:subfield code="c">1862-65.</marc:subfield>
            </marc:datafield>
            <marc:datafield tag="300" ind1=" " ind2=" ">
               <marc:subfield code="a">2 v.</marc:subfield>
               <marc:subfield code="b">illus. (incl. ports.)</marc:subfield>
               <marc:subfield code="c">38 cm.</marc:subfield>
            </marc:datafield>
            <marc:datafield tag="651" ind1=" " ind2="0">
               <marc:subfield code="a">France</marc:subfield>
               <marc:subfield code="x">History</marc:subfield>
               <marc:subfield code="y">Revolution, 1789-1799</marc:subfield>
            </marc:datafield>
            <marc:datafield tag="700" ind1="1" ind2="0">
               <marc:subfield code="a">Armengaud, J. G. D.</marc:subfield>
               <marc:subfield code="q">(Jean Germain Désiré),</marc:subfield>
               <marc:subfield code="d">1797-1869,</marc:subfield>
               <marc:subfield code="e">ed.</marc:subfield>
            </marc:datafield>
            <marc:datafield tag="950" ind1=" " ind2=" ">
               <marc:subfield code="l">VPL</marc:subfield>
               <marc:subfield code="v">v.1-2</marc:subfield>
               <marc:subfield code="i">07/27/87 C</marc:subfield>
            </marc:datafield>
            <marc:datafield tag="955" ind1=" " ind2=" ">
               <marc:subfield code="l">VPL</marc:subfield>
               <marc:subfield code="c">1:t.1</marc:subfield>
               <marc:subfield code="q">78890</marc:subfield>
               <marc:subfield code="r">[00939 1694]</marc:subfield>
               <marc:subfield code="s">recl.fr.944.04/J254</marc:subfield>
               <marc:subfield code="i">07/27/87 C</marc:subfield>
            </marc:datafield>
            <marc:datafield tag="955" ind1=" " ind2=" ">
               <marc:subfield code="l">VPL</marc:subfield>
               <marc:subfield code="c">1:t.2</marc:subfield>
               <marc:subfield code="q">78890</marc:subfield>
               <marc:subfield code="r">[00594 0056]</marc:subfield>
               <marc:subfield code="i">07/27/87 C</marc:subfield>
            </marc:datafield>
         </marc:record>
      </marc>
      <hldgs id="BIB_ID-27475">
         <hldg id="MFHD_ID-34574">
            <MFHD_ID>34574</MFHD_ID>
            <DISPLAY_CALL_NO>DC148 .J33</DISPLAY_CALL_NO>
            <NORMALIZED_CALL_NO>DC  148            J 33</NORMALIZED_CALL_NO>
            <HOLD_CREATE_DATE>1997-06-12 00:00:00.0</HOLD_CREATE_DATE>
            <LAST_HOLD_UPDATE>1997-06-12 00:00:00.0</LAST_HOLD_UPDATE>
            <CALL_NO_TYPE>0</CALL_NO_TYPE>
            <PERM_LOCATION_DISP>A Van Pelt Library</PERM_LOCATION_DISP>
            <PERM_LOCATION>Van Pelt Library</PERM_LOCATION>
            <items id="MFHD_ID-34574">
               <item id="ITEM_ID-34857">
                  <ITEM_ID>34857</ITEM_ID>
                  <ITEM_ENUM>DC/148/J33/t.1</ITEM_ENUM>
                  <NUM_HOLDS>0</NUM_HOLDS>
                  <itemStatuses id="ITEM_ID-34857">
                     <itemStatus id="STATUS_ID-1">
                        <STATUS_ID>1</STATUS_ID>
                        <STATUS>Not Charged</STATUS>
                     </itemStatus>
                  </itemStatuses>
               </item>
               <item id="ITEM_ID-34858">
                  <ITEM_ID>34858</ITEM_ID>
                  <ITEM_ENUM>DC/148/J33/t.2</ITEM_ENUM>
                  <NUM_HOLDS>0</NUM_HOLDS>
                  <itemStatuses id="ITEM_ID-34858">
                     <itemStatus id="STATUS_ID-1">
                        <STATUS_ID>1</STATUS_ID>
                        <STATUS>Not Charged</STATUS>
                     </itemStatus>
                  </itemStatuses>
               </item>
            </items>
         </hldg>
      </hldgs>
   </record>