
   <record id="BIB_ID-27477">
      <marc id="BIB_ID-27477">
         <marc:record xmlns:marc="http://www.loc.gov/MARC21/slim">
            <marc:controlfield tag="001">27477</marc:controlfield>
            <marc:controlfield tag="003">PU</marc:controlfield>
            <marc:controlfield tag="008">870727s1963    enka          00100 eng d</marc:controlfield>
            <marc:datafield tag="035" ind1=" " ind2=" ">
               <marc:subfield code="a">(CStRLIN)PAUG87-B30732</marc:subfield>
            </marc:datafield>
            <marc:datafield tag="035" ind1=" " ind2=" ">
               <marc:subfield code="a">(CaOTULAS)185033162</marc:subfield>
            </marc:datafield>
            <marc:datafield tag="035" ind1=" " ind2=" ">
               <marc:subfield code="9">AAD3745</marc:subfield>
            </marc:datafield>
            <marc:datafield tag="040" ind1=" " ind2=" ">
               <marc:subfield code="a">PU</marc:subfield>
               <marc:subfield code="c">PU</marc:subfield>
            </marc:datafield>
            <marc:datafield tag="043" ind1=" " ind2=" ">
               <marc:subfield code="a">ncgt---</marc:subfield>
            </marc:datafield>
            <marc:datafield tag="090" ind1=" " ind2=" ">
               <marc:subfield code="a">F1464.2</marc:subfield>
               <marc:subfield code="b">.L55 1963</marc:subfield>
               <marc:subfield code="i">07/27/87 CTZ</marc:subfield>
            </marc:datafield>
            <marc:datafield tag="100" ind1="1" ind2="0">
               <marc:subfield code="a">Lloyd, Joan.</marc:subfield>
            </marc:datafield>
            <marc:datafield tag="245" ind1="1" ind2="0">
               <marc:subfield code="a">Guatemala, land of the Mayas.</marc:subfield>
            </marc:datafield>
            <marc:datafield tag="260" ind1="0" ind2=" ">
               <marc:subfield code="a">London,</marc:subfield>
               <marc:subfield code="b">R. Hale,</marc:subfield>
               <marc:subfield code="c">1963.</marc:subfield>
            </marc:datafield>
            <marc:datafield tag="300" ind1=" " ind2=" ">
               <marc:subfield code="a">175 p.</marc:subfield>
               <marc:subfield code="b">illus.</marc:subfield>
               <marc:subfield code="c">22 cm.</marc:subfield>
            </marc:datafield>
            <marc:datafield tag="651" ind1=" " ind2="0">
               <marc:subfield code="a">Guatemala</marc:subfield>
               <marc:subfield code="x">Description and travel</marc:subfield>
               <marc:subfield code="y">1951-1980</marc:subfield>
            </marc:datafield>
            <marc:datafield tag="950" ind1=" " ind2=" ">
               <marc:subfield code="l">VPL</marc:subfield>
               <marc:subfield code="i">07/27/87 C</marc:subfield>
            </marc:datafield>
            <marc:datafield tag="955" ind1=" " ind2=" ">
               <marc:subfield code="l">VPL</marc:subfield>
               <marc:subfield code="c">1</marc:subfield>
               <marc:subfield code="q">A41768</marc:subfield>
               <marc:subfield code="r">[00167 9013]</marc:subfield>
               <marc:subfield code="s">Rec. fr. 917.281/L775</marc:subfield>
               <marc:subfield code="i">07/27/87 C</marc:subfield>
            </marc:datafield>
         </marc:record>
      </marc>
      <hldgs id="BIB_ID-27477">
         <hldg id="MFHD_ID-34576">
            <MFHD_ID>34576</MFHD_ID>
            <DISPLAY_CALL_NO>F1464.2 .L55 1963</DISPLAY_CALL_NO>
            <NORMALIZED_CALL_NO>F 14642           L 55   1963</NORMALIZED_CALL_NO>
            <HOLD_CREATE_DATE>1997-06-12 00:00:00.0</HOLD_CREATE_DATE>
            <LAST_HOLD_UPDATE>2009-12-14 11:40:02.0</LAST_HOLD_UPDATE>
            <CALL_NO_TYPE>0</CALL_NO_TYPE>
            <PERM_LOCATION_DISP>Storage</PERM_LOCATION_DISP>
            <PERM_LOCATION>LIBRA: From RECORD page, use Place Request tab</PERM_LOCATION>
            <items id="MFHD_ID-34576">
               <item id="ITEM_ID-34860">
                  <ITEM_ID>34860</ITEM_ID>
                  <NUM_HOLDS>0</NUM_HOLDS>
                  <itemStatuses id="ITEM_ID-34860">
                     <itemStatus id="STATUS_ID-1">
                        <STATUS_ID>1</STATUS_ID>
                        <STATUS>Not Charged</STATUS>
                     </itemStatus>
                  </itemStatuses>
               </item>
            </items>
         </hldg>
      </hldgs>
   </record>