
   <record id="BIB_ID-27480">
      <marc id="BIB_ID-27480">
         <marc:record xmlns:marc="http://www.loc.gov/MARC21/slim">
            <marc:controlfield tag="001">27480</marc:controlfield>
            <marc:controlfield tag="003">PU</marc:controlfield>
            <marc:controlfield tag="008">870727m19201975fr            00000 fre  </marc:controlfield>
            <marc:datafield tag="010" ind1=" " ind2=" ">
               <marc:subfield code="a">   66034289 </marc:subfield>
            </marc:datafield>
            <marc:datafield tag="035" ind1=" " ind2=" ">
               <marc:subfield code="a">(CStRLIN)PAUG87-B30735</marc:subfield>
            </marc:datafield>
            <marc:datafield tag="035" ind1=" " ind2=" ">
               <marc:subfield code="a">(CaOTULAS)185033185</marc:subfield>
            </marc:datafield>
            <marc:datafield tag="035" ind1=" " ind2=" ">
               <marc:subfield code="9">AAD3748</marc:subfield>
            </marc:datafield>
            <marc:datafield tag="040" ind1=" " ind2=" ">
               <marc:subfield code="a">DLC</marc:subfield>
               <marc:subfield code="c">ViU</marc:subfield>
               <marc:subfield code="d">ViU</marc:subfield>
               <marc:subfield code="d">RPB</marc:subfield>
               <marc:subfield code="d">CStRLIN</marc:subfield>
               <marc:subfield code="d">RPB</marc:subfield>
               <marc:subfield code="d">PU</marc:subfield>
            </marc:datafield>
            <marc:datafield tag="090" ind1=" " ind2=" ">
               <marc:subfield code="a">JN2428</marc:subfield>
               <marc:subfield code="b">.A52</marc:subfield>
               <marc:subfield code="n">#28</marc:subfield>
               <marc:subfield code="i">07/27/87 CT</marc:subfield>
            </marc:datafield>
            <marc:datafield tag="110" ind1="1" ind2="0">
               <marc:subfield code="a">France.</marc:subfield>
               <marc:subfield code="b">Parlement (Paris)</marc:subfield>
            </marc:datafield>
            <marc:datafield tag="245" ind1="1" ind2="0">
               <marc:subfield code="a">Actes du Parlement de Paris.</marc:subfield>
               <marc:subfield code="b">2. série, de l'an 1328 à l'an 1350.  Jugés</marc:subfield>
               <marc:subfield code="c">par Henri Furgeot.</marc:subfield>
            </marc:datafield>
            <marc:datafield tag="260" ind1="0" ind2=" ">
               <marc:subfield code="a">Paris,</marc:subfield>
               <marc:subfield code="b">Plon-Nourrit,</marc:subfield>
               <marc:subfield code="c">1920-1975.</marc:subfield>
            </marc:datafield>
            <marc:datafield tag="300" ind1=" " ind2=" ">
               <marc:subfield code="a">3  v.</marc:subfield>
               <marc:subfield code="c">32 cm.</marc:subfield>
            </marc:datafield>
            <marc:datafield tag="490" ind1="1" ind2=" ">
               <marc:subfield code="a">Archives nationales. Inventaires et documents</marc:subfield>
            </marc:datafield>
            <marc:datafield tag="500" ind1=" " ind2=" ">
               <marc:subfield code="a">Vol. 2-3 have imprint: Paris, Imp. nationale.</marc:subfield>
            </marc:datafield>
            <marc:datafield tag="505" ind1="0" ind2=" ">
               <marc:subfield code="a">t. 1. 1328-1342.--t. 2. 1343-1350.  Texte revu et publié par M. Dillay, S. Clemencet et J.-P. Laurent.--t.3. Index et additions et corrections aux tomes I et II, par J.-P. Laurent, avec le concours de M. Dillay et G. Vilar.</marc:subfield>
            </marc:datafield>
            <marc:datafield tag="650" ind1=" " ind2="0">
               <marc:subfield code="a">Law reports, digests, etc</marc:subfield>
               <marc:subfield code="z">France.</marc:subfield>
            </marc:datafield>
            <marc:datafield tag="700" ind1="1" ind2="0">
               <marc:subfield code="a">Furgeot, Henri,</marc:subfield>
               <marc:subfield code="d">1855-1919.</marc:subfield>
            </marc:datafield>
            <marc:datafield tag="700" ind1="1" ind2="0">
               <marc:subfield code="a">Dillay, Madeleine.</marc:subfield>
               <marc:subfield code="e">ed.</marc:subfield>
            </marc:datafield>
            <marc:datafield tag="700" ind1="1" ind2="0">
               <marc:subfield code="a">Laurent, Jean Paul.</marc:subfield>
               <marc:subfield code="e">ed.</marc:subfield>
            </marc:datafield>
            <marc:datafield tag="700" ind1="1" ind2="0">
               <marc:subfield code="a">Clemencet, Suzanne,</marc:subfield>
               <marc:subfield code="e">ed.</marc:subfield>
            </marc:datafield>
            <marc:datafield tag="700" ind1="1" ind2="0">
               <marc:subfield code="a">Vilar, Gabrielle,</marc:subfield>
               <marc:subfield code="e">ed.</marc:subfield>
            </marc:datafield>
            <marc:datafield tag="710" ind1="1" ind2="0">
               <marc:subfield code="a">France.</marc:subfield>
               <marc:subfield code="b">Archives nationales.</marc:subfield>
            </marc:datafield>
            <marc:datafield tag="810" ind1="1" ind2=" ">
               <marc:subfield code="a">France.</marc:subfield>
               <marc:subfield code="b">Archives nationales.</marc:subfield>
               <marc:subfield code="t">Inventaires et documents.</marc:subfield>
            </marc:datafield>
            <marc:datafield tag="950" ind1=" " ind2=" ">
               <marc:subfield code="l">VPL</marc:subfield>
               <marc:subfield code="v">v.1-3</marc:subfield>
               <marc:subfield code="i">07/27/87 C</marc:subfield>
            </marc:datafield>
            <marc:datafield tag="955" ind1=" " ind2=" ">
               <marc:subfield code="l">VPL</marc:subfield>
               <marc:subfield code="c">1:t.1</marc:subfield>
               <marc:subfield code="q">A18625</marc:subfield>
               <marc:subfield code="r">[00939 1637]</marc:subfield>
               <marc:subfield code="s">recl.fr.944.04/J254</marc:subfield>
               <marc:subfield code="i">07/27/87 C</marc:subfield>
            </marc:datafield>
            <marc:datafield tag="955" ind1=" " ind2=" ">
               <marc:subfield code="l">VPL</marc:subfield>
               <marc:subfield code="c">1:t.2</marc:subfield>
               <marc:subfield code="q">A18625</marc:subfield>
               <marc:subfield code="r">[00939 1645]</marc:subfield>
               <marc:subfield code="i">07/27/87 C</marc:subfield>
            </marc:datafield>
            <marc:datafield tag="955" ind1=" " ind2=" ">
               <marc:subfield code="l">VPL</marc:subfield>
               <marc:subfield code="c">1:t.3</marc:subfield>
               <marc:subfield code="q">A18625</marc:subfield>
               <marc:subfield code="r">[00939 1652]</marc:subfield>
               <marc:subfield code="i">07/27/87 C</marc:subfield>
            </marc:datafield>
         </marc:record>
      </marc>
      <hldgs id="BIB_ID-27480">
         <hldg id="MFHD_ID-34579">
            <MFHD_ID>34579</MFHD_ID>
            <DISPLAY_CALL_NO>JN2428 .A52</DISPLAY_CALL_NO>
            <NORMALIZED_CALL_NO>JN 2428            A 52</NORMALIZED_CALL_NO>
            <HOLD_CREATE_DATE>1997-06-12 00:00:00.0</HOLD_CREATE_DATE>
            <LAST_HOLD_UPDATE>1997-06-12 00:00:00.0</LAST_HOLD_UPDATE>
            <CALL_NO_TYPE>0</CALL_NO_TYPE>
            <PERM_LOCATION_DISP>A Van Pelt Library</PERM_LOCATION_DISP>
            <PERM_LOCATION>Van Pelt Library</PERM_LOCATION>
            <items id="MFHD_ID-34579">
               <item id="ITEM_ID-34863">
                  <ITEM_ID>34863</ITEM_ID>
                  <ITEM_ENUM>JN/2428/A52/t.1</ITEM_ENUM>
                  <NUM_HOLDS>0</NUM_HOLDS>
                  <itemStatuses id="ITEM_ID-34863">
                     <itemStatus id="STATUS_ID-1">
                        <STATUS_ID>1</STATUS_ID>
                        <STATUS>Not Charged</STATUS>
                     </itemStatus>
                  </itemStatuses>
               </item>
               <item id="ITEM_ID-34864">
                  <ITEM_ID>34864</ITEM_ID>
                  <ITEM_ENUM>JN/2428/A52/t.2</ITEM_ENUM>
                  <NUM_HOLDS>0</NUM_HOLDS>
                  <itemStatuses id="ITEM_ID-34864">
                     <itemStatus id="STATUS_ID-1">
                        <STATUS_ID>1</STATUS_ID>
                        <STATUS>Not Charged</STATUS>
                     </itemStatus>
                  </itemStatuses>
               </item>
               <item id="ITEM_ID-34865">
                  <ITEM_ID>34865</ITEM_ID>
                  <ITEM_ENUM>JN/2428/A52/t.3</ITEM_ENUM>
                  <NUM_HOLDS>0</NUM_HOLDS>
                  <itemStatuses id="ITEM_ID-34865">
                     <itemStatus id="STATUS_ID-1">
                        <STATUS_ID>1</STATUS_ID>
                        <STATUS>Not Charged</STATUS>
                     </itemStatus>
                  </itemStatuses>
               </item>
            </items>
         </hldg>
      </hldgs>
   </record>