
   <record id="BIB_ID-27487">
      <marc id="BIB_ID-27487">
         <marc:record xmlns:marc="http://www.loc.gov/MARC21/slim">
            <marc:controlfield tag="001">27487</marc:controlfield>
            <marc:controlfield tag="003">PU</marc:controlfield>
            <marc:controlfield tag="008">870727s1940    nyu      b    00010 eng d</marc:controlfield>
            <marc:datafield tag="010" ind1=" " ind2=" ">
               <marc:subfield code="a">   40031868 </marc:subfield>
            </marc:datafield>
            <marc:datafield tag="035" ind1=" " ind2=" ">
               <marc:subfield code="a">(CStRLIN)PAUG87-B30742</marc:subfield>
            </marc:datafield>
            <marc:datafield tag="035" ind1=" " ind2=" ">
               <marc:subfield code="a">(CaOTULAS)185033279</marc:subfield>
            </marc:datafield>
            <marc:datafield tag="035" ind1=" " ind2=" ">
               <marc:subfield code="9">AAD3755</marc:subfield>
            </marc:datafield>
            <marc:datafield tag="040" ind1=" " ind2=" ">
               <marc:subfield code="a">PU</marc:subfield>
               <marc:subfield code="c">PU</marc:subfield>
            </marc:datafield>
            <marc:datafield tag="090" ind1=" " ind2=" ">
               <marc:subfield code="a">F1463</marc:subfield>
               <marc:subfield code="b">.M86</marc:subfield>
               <marc:subfield code="i">07/27/87 CTZ</marc:subfield>
            </marc:datafield>
            <marc:datafield tag="100" ind1="1" ind2="0">
               <marc:subfield code="a">Munõz, Joaquin.</marc:subfield>
            </marc:datafield>
            <marc:datafield tag="245" ind1="1" ind2="0">
               <marc:subfield code="a">Guatemala, ancient and modern,</marc:subfield>
               <marc:subfield code="c">by Joaquin Muñoz and Anna Bell Ward.</marc:subfield>
            </marc:datafield>
            <marc:datafield tag="250" ind1=" " ind2=" ">
               <marc:subfield code="a">2nd ed.</marc:subfield>
            </marc:datafield>
            <marc:datafield tag="260" ind1="0" ind2=" ">
               <marc:subfield code="a">New York,</marc:subfield>
               <marc:subfield code="b">The Pyramid Press,</marc:subfield>
               <marc:subfield code="c">1940.</marc:subfield>
            </marc:datafield>
            <marc:datafield tag="300" ind1=" " ind2=" ">
               <marc:subfield code="a">318. p. :</marc:subfield>
               <marc:subfield code="b">front. (port) illus. ;</marc:subfield>
               <marc:subfield code="c">24 cm.</marc:subfield>
            </marc:datafield>
            <marc:datafield tag="500" ind1=" " ind2=" ">
               <marc:subfield code="a">Map on lining-paper.</marc:subfield>
            </marc:datafield>
            <marc:datafield tag="504" ind1=" " ind2=" ">
               <marc:subfield code="a">Bibliography: p. 293-294.</marc:subfield>
            </marc:datafield>
            <marc:datafield tag="651" ind1=" " ind2="0">
               <marc:subfield code="a">Guatemala</marc:subfield>
               <marc:subfield code="x">Description and travel</marc:subfield>
            </marc:datafield>
            <marc:datafield tag="651" ind1=" " ind2="0">
               <marc:subfield code="a">Guatemala</marc:subfield>
               <marc:subfield code="x">Antiquities</marc:subfield>
            </marc:datafield>
            <marc:datafield tag="651" ind1=" " ind2="0">
               <marc:subfield code="a">Guatemala</marc:subfield>
               <marc:subfield code="x">History</marc:subfield>
            </marc:datafield>
            <marc:datafield tag="700" ind1="1" ind2="0">
               <marc:subfield code="a">Ward, Anna Bell,</marc:subfield>
               <marc:subfield code="d">1897-</marc:subfield>
               <marc:subfield code="e">joint author.</marc:subfield>
            </marc:datafield>
            <marc:datafield tag="950" ind1=" " ind2=" ">
               <marc:subfield code="l">VPL</marc:subfield>
               <marc:subfield code="i">07/27/87 C</marc:subfield>
            </marc:datafield>
            <marc:datafield tag="955" ind1=" " ind2=" ">
               <marc:subfield code="l">VPL</marc:subfield>
               <marc:subfield code="c">1</marc:subfield>
               <marc:subfield code="q">32418</marc:subfield>
               <marc:subfield code="r">[00167 8858]</marc:subfield>
               <marc:subfield code="s">Recl. fr. 917.281/M9251</marc:subfield>
               <marc:subfield code="i">07/27/87 C</marc:subfield>
            </marc:datafield>
            <marc:datafield tag="948" ind1=" " ind2=" ">
               <marc:subfield code="a">callno:rrn</marc:subfield>
            </marc:datafield>
         </marc:record>
      </marc>
      <hldgs id="BIB_ID-27487">
         <hldg id="MFHD_ID-34586">
            <MFHD_ID>34586</MFHD_ID>
            <DISPLAY_CALL_NO>F1463 .M86 1940b</DISPLAY_CALL_NO>
            <NORMALIZED_CALL_NO>F 1463            M 86   1940 B</NORMALIZED_CALL_NO>
            <HOLD_CREATE_DATE>1997-06-12 00:00:00.0</HOLD_CREATE_DATE>
            <LAST_HOLD_UPDATE>1997-06-12 00:00:00.0</LAST_HOLD_UPDATE>
            <CALL_NO_TYPE>0</CALL_NO_TYPE>
            <PERM_LOCATION_DISP>A Van Pelt Library</PERM_LOCATION_DISP>
            <PERM_LOCATION>Van Pelt Library</PERM_LOCATION>
            <items id="MFHD_ID-34586">
               <item id="ITEM_ID-34872">
                  <ITEM_ID>34872</ITEM_ID>
                  <NUM_HOLDS>0</NUM_HOLDS>
                  <itemStatuses id="ITEM_ID-34872">
                     <itemStatus id="STATUS_ID-1">
                        <STATUS_ID>1</STATUS_ID>
                        <STATUS>Not Charged</STATUS>
                     </itemStatus>
                  </itemStatuses>
               </item>
            </items>
         </hldg>
      </hldgs>
   </record>