
   <record id="BIB_ID-27488">
      <marc id="BIB_ID-27488">
         <marc:record xmlns:marc="http://www.loc.gov/MARC21/slim">
            <marc:controlfield tag="001">27488</marc:controlfield>
            <marc:controlfield tag="003">PU</marc:controlfield>
            <marc:controlfield tag="008">870727s1927    nyua          00010 eng u</marc:controlfield>
            <marc:datafield tag="010" ind1=" " ind2=" ">
               <marc:subfield code="a">   28028411 </marc:subfield>
            </marc:datafield>
            <marc:datafield tag="035" ind1=" " ind2=" ">
               <marc:subfield code="a">(CStRLIN)PAUG87-B30743</marc:subfield>
            </marc:datafield>
            <marc:datafield tag="035" ind1=" " ind2=" ">
               <marc:subfield code="a">(CaOTULAS)185033288</marc:subfield>
            </marc:datafield>
            <marc:datafield tag="035" ind1=" " ind2=" ">
               <marc:subfield code="9">AAD3756</marc:subfield>
            </marc:datafield>
            <marc:datafield tag="040" ind1=" " ind2=" ">
               <marc:subfield code="c">OYU</marc:subfield>
               <marc:subfield code="d">NIC</marc:subfield>
               <marc:subfield code="d">CStRLIN</marc:subfield>
               <marc:subfield code="d">PU</marc:subfield>
            </marc:datafield>
            <marc:datafield tag="050" ind1="0" ind2=" ">
               <marc:subfield code="a">QA845</marc:subfield>
               <marc:subfield code="b">.B6</marc:subfield>
            </marc:datafield>
            <marc:datafield tag="082" ind1=" " ind2=" ">
               <marc:subfield code="a">531.3</marc:subfield>
            </marc:datafield>
            <marc:datafield tag="090" ind1=" " ind2=" ">
               <marc:subfield code="a">QA1</marc:subfield>
               <marc:subfield code="b">.A5225 v.9</marc:subfield>
               <marc:subfield code="i">07/27/87 CT</marc:subfield>
            </marc:datafield>
            <marc:datafield tag="100" ind1="1" ind2="0">
               <marc:subfield code="a">Birkhoff, George David.</marc:subfield>
            </marc:datafield>
            <marc:datafield tag="245" ind1="1" ind2="0">
               <marc:subfield code="a">Dynamical systems /</marc:subfield>
               <marc:subfield code="c">by George D. Birkhoff.</marc:subfield>
            </marc:datafield>
            <marc:datafield tag="260" ind1="0" ind2=" ">
               <marc:subfield code="a">New York :</marc:subfield>
               <marc:subfield code="b">American Mathematical Society,</marc:subfield>
               <marc:subfield code="c">1927.</marc:subfield>
            </marc:datafield>
            <marc:datafield tag="300" ind1=" " ind2=" ">
               <marc:subfield code="a">viii, 295 p. :</marc:subfield>
               <marc:subfield code="b">diagrs.</marc:subfield>
               <marc:subfield code="c">24 cm.</marc:subfield>
            </marc:datafield>
            <marc:datafield tag="490" ind1="1" ind2=" ">
               <marc:subfield code="a">American Mathematical Society. Colloquium publications ;</marc:subfield>
               <marc:subfield code="v">v. 9</marc:subfield>
            </marc:datafield>
            <marc:datafield tag="650" ind1=" " ind2="0">
               <marc:subfield code="a">Dynamics</marc:subfield>
            </marc:datafield>
            <marc:datafield tag="830" ind1=" " ind2="0">
               <marc:subfield code="a">Colloquium publications (American Mathematical Society) ;</marc:subfield>
               <marc:subfield code="v">v.9.</marc:subfield>
            </marc:datafield>
            <marc:datafield tag="950" ind1=" " ind2=" ">
               <marc:subfield code="l">MATHP</marc:subfield>
               <marc:subfield code="i">07/27/87 RL ?101:rse\AACR2\</marc:subfield>
            </marc:datafield>
            <marc:datafield tag="955" ind1=" " ind2=" ">
               <marc:subfield code="l">MATHP</marc:subfield>
               <marc:subfield code="c">1</marc:subfield>
               <marc:subfield code="q">615536</marc:subfield>
               <marc:subfield code="s">recl.fr.510/Am37</marc:subfield>
               <marc:subfield code="i">07/27/87 C</marc:subfield>
            </marc:datafield>
         </marc:record>
      </marc>
      <hldgs id="BIB_ID-27488">
         <hldg id="MFHD_ID-34587">
            <MFHD_ID>34587</MFHD_ID>
            <DISPLAY_CALL_NO>QA1 .A5225 v.9</DISPLAY_CALL_NO>
            <NORMALIZED_CALL_NO>QA    1            A 5225   V .9</NORMALIZED_CALL_NO>
            <HOLD_CREATE_DATE>1997-06-12 00:00:00.0</HOLD_CREATE_DATE>
            <LAST_HOLD_UPDATE>1997-06-12 00:00:00.0</LAST_HOLD_UPDATE>
            <CALL_NO_TYPE>0</CALL_NO_TYPE>
            <PERM_LOCATION_DISP>Math/Phys Library</PERM_LOCATION_DISP>
            <PERM_LOCATION>Math/Physics/Astronomy Library</PERM_LOCATION>
         </hldg>
         <hldg id="MFHD_ID-34588">
            <MFHD_ID>34588</MFHD_ID>
            <DISPLAY_CALL_NO>QA1 .A5225 v.9</DISPLAY_CALL_NO>
            <NORMALIZED_CALL_NO>QA    1            A 5225   V .9</NORMALIZED_CALL_NO>
            <HOLD_CREATE_DATE>1997-06-12 00:00:00.0</HOLD_CREATE_DATE>
            <LAST_HOLD_UPDATE>1997-06-12 00:00:00.0</LAST_HOLD_UPDATE>
            <CALL_NO_TYPE>0</CALL_NO_TYPE>
            <PERM_LOCATION_DISP>Math/Phys Library</PERM_LOCATION_DISP>
            <PERM_LOCATION>Math/Physics/Astronomy Library</PERM_LOCATION>
            <items id="MFHD_ID-34588">
               <item id="ITEM_ID-34873">
                  <ITEM_ID>34873</ITEM_ID>
                  <NUM_HOLDS>0</NUM_HOLDS>
                  <itemStatuses id="ITEM_ID-34873">
                     <itemStatus id="STATUS_ID-1">
                        <STATUS_ID>1</STATUS_ID>
                        <STATUS>Not Charged</STATUS>
                     </itemStatus>
                  </itemStatuses>
               </item>
            </items>
         </hldg>
      </hldgs>
   </record>
</integ:root>
